@article{newman2003structure,
  title={The structure and function of complex networks},
  author={Newman, Mark EJ},
  journal={SIAM review},
  volume={45},
  number={2},
  pages={167--256},
  year={2003},
  publisher={SIAM}
}

@article{bullock2005neuron,
  title={The neuron doctrine, redux},
  author={Bullock, Theodore H and Bennett, Michael VL and Johnston, Daniel and Josephson, Robert and Marder, Eve and Fields, R Douglas},
  journal={Science},
  volume={310},
  number={5749},
  pages={791--793},
  year={2005},
  publisher={American Association for the Advancement of Science}
}

@article{bronstein2017geometric,
  title={Geometric deep learning: going beyond euclidean data},
  author={Bronstein, Michael M and Bruna, Joan and LeCun, Yann and Szlam, Arthur and Vandergheynst, Pierre},
  journal={IEEE Signal Processing Magazine},
  volume={34},
  number={4},
  pages={18--42},
  year={2017},
  publisher={IEEE}
}

@inproceedings{arya2018exploiting,
  title={Exploiting relational information in social networks using geometric deep learning on hypergraphs},
  author={Arya, Devanshu and Worring, Marcel},
  booktitle={Proceedings of the 2018 ACM on International Conference on Multimedia Retrieval},
  pages={117--125},
  year={2018}
}

@article{graves2016hybrid,
  title={Hybrid computing using a neural network with dynamic external memory},
  author={Graves, Alex and Wayne, Greg and Reynolds, Malcolm and Harley, Tim and Danihelka, Ivo and Grabska-Barwi{\'n}ska, Agnieszka and Colmenarejo, Sergio G{\'o}mez and Grefenstette, Edward and Ramalho, Tiago and Agapiou, John and others},
  journal={Nature},
  volume={538},
  number={7626},
  pages={471--476},
  year={2016},
  publisher={Nature Publishing Group}
}

@inproceedings{schlichtkrull2018modeling,
  title={Modeling relational data with graph convolutional networks},
  author={Schlichtkrull, Michael and Kipf, Thomas N and Bloem, Peter and Van Den Berg, Rianne and Titov, Ivan and Welling, Max},
  booktitle={European Semantic Web Conference},
  pages={593--607},
  year={2018},
  organization={Springer}
}

@article{markman2003category,
  title={Category use and category learning.},
  author={Markman, Arthur B and Ross, Brian H},
  journal={Psychological bulletin},
  volume={129},
  number={4},
  pages={592},
  year={2003},
  publisher={American Psychological Association}
}



% -- Language
@article{lynn2019graph,
  title={Graph learning: How humans infer and represent networks},
  author={Lynn, Christopher W and Bassett, Danielle S},
  journal={arXiv preprint arXiv:1909.07186},
  year={2019}
}

@article{saffran1996word,
  title={Word segmentation: The role of distributional cues},
  author={Saffran, Jenny R and Newport, Elissa L and Aslin, Richard N and others},
  journal={Journal of memory and language},
  volume={35},
  number={4},
  pages={606--621},
  year={1996},
  publisher={Elsevier Science}
}

@article{brady2008statistical,
  title={Statistical learning using real-world scenes: Extracting categorical regularities without conscious intent},
  author={Brady, Timothy F and Oliva, Aude},
  journal={Psychological science},
  volume={19},
  number={7},
  pages={678--685},
  year={2008},
  publisher={SAGE Publications Sage CA: Los Angeles, CA}
}



@article{saffran1996statistical,
  title={Statistical learning by 8-month-old infants},
  author={Saffran, Jenny R and Aslin, Richard N and Newport, Elissa L},
  journal={Science},
  volume={274},
  number={5294},
  pages={1926--1928},
  year={1996},
  publisher={American Association for the Advancement of Science}
}


@article{turk2005automaticity,
  title={The automaticity of visual statistical learning.},
  author={Turk-Browne, Nicholas B and Jung{\'e}, Justin A and Scholl, Brian J},
  journal={Journal of Experimental Psychology: General},
  volume={134},
  number={4},
  pages={552},
  year={2005},
  publisher={American Psychological Association}
}


@article{kahn2018network,
  title={Network constraints on learnability of probabilistic motor sequences},
  author={Kahn, Ari E and Karuza, Elisabeth A and Vettel, Jean M and Bassett, Danielle S},
  journal={Nature human behaviour},
  volume={2},
  number={12},
  pages={936--947},
  year={2018},
  publisher={Nature Publishing Group}
}

@article{karuza2019human,
  title={Human sensitivity to community structure is robust to topological variation},
  author={Karuza, Elisabeth A and Kahn, Ari E and Bassett, Danielle S},
  journal={Complexity},
  volume={2019},
  year={2019},
  publisher={Hindawi}
}

@article{karuza2017process,
  title={Process reveals structure: How a network is traversed mediates expectations about its architecture},
  author={Karuza, Elisabeth A and Kahn, Ari E and Thompson-Schill, Sharon L and Bassett, Danielle S},
  journal={Scientific reports},
  volume={7},
  number={1},
  pages={1--9},
  year={2017},
  publisher={Nature Publishing Group}
}

@article{horst2016novel,
  title={The Novel Object and Unusual Name (NOUN) Database: A collection of novel images for use in experimental research},
  author={Horst, Jessica S and Hout, Michael C},
  journal={Behavior research methods},
  volume={48},
  number={4},
  pages={1393--1409},
  year={2016},
  publisher={Springer}
}


@article{chan2009influence,
  title={The influence of the phonological neighborhood clustering coefficient on spoken word recognition.},
  author={Chan, Kit Ying and Vitevitch, Michael S},
  journal={Journal of Experimental Psychology: Human Perception and Performance},
  volume={35},
  number={6},
  pages={1934},
  year={2009},
  publisher={American Psychological Association}
}

@article{chan2010network,
  title={Network structure influences speech production},
  author={Chan, Kit Ying and Vitevitch, Michael S},
  journal={Cognitive science},
  volume={34},
  number={4},
  pages={685--697},
  year={2010},
  publisher={Wiley Online Library}
}

@article{vitevitch2012complex,
  title={Complex network structure influences processing in long-term and short-term memory},
  author={Vitevitch, Michael S and Chan, Kit Ying and Roodenrys, Steven},
  journal={Journal of memory and language},
  volume={67},
  number={1},
  pages={30--44},
  year={2012},
  publisher={Elsevier}
}

@article{vitevitch2008can,
  title={What can graph theory tell us about word learning and lexical retrieval?},
  author={Vitevitch, Michael S},
  journal={Journal of Speech, Language, and Hearing Research},
  year={2008},
  publisher={ASHA}
}

@article{goulden1990large,
  title={How large can a receptive vocabulary be?},
  author={Goulden, Robin and Nation, Paul and Read, John},
  journal={Applied linguistics},
  volume={11},
  number={4},
  pages={341--363},
  year={1990},
  publisher={Oxford University Press}
}

@article{porter2012small,
  title={Small-world network},
  author={Porter, Mason A},
  journal={Scholarpedia},
  volume={7},
  number={2},
  pages={1739},
  year={2012}
}

@article{fay1977malapropisms,
  title={Malapropisms and the structure of the mental lexicon},
  author={Fay, David and Cutler, Anne},
  journal={Linguistic inquiry},
  volume={8},
  number={3},
  pages={505--520},
  year={1977},
  publisher={JSTOR}
}

@article{collins1969retrieval,
  title={Retrieval time from semantic memory},
  author={Collins, Allan M and Quillian, M Ross and others},
  year={1969}
}

@article{quillian1967word,
  title={Word concepts: A theory and simulation of some basic semantic capabilities},
  author={Quillian, M Ross},
  journal={Behavioral science},
  volume={12},
  number={5},
  pages={410--430},
  year={1967},
  publisher={Wiley Online Library}
}


@article{collins1975spreading,
  title={A spreading-activation theory of semantic processing.},
  author={Collins, Allan M and Loftus, Elizabeth F},
  journal={Psychological review},
  volume={82},
  number={6},
  pages={407},
  year={1975},
  publisher={American Psychological Association}
}

@article{o2009conceptual,
  title={Conceptual hierarchies in a flat attractor network: Dynamics of learning and computations},
  author={Oâ€™connor, Christopher M and Cree, George S and McRae, Ken},
  journal={Cognitive science},
  volume={33},
  number={4},
  pages={665--708},
  year={2009},
  publisher={Wiley Online Library}
}

@article{steyvers2005large,
  title={The large-scale structure of semantic networks: Statistical analyses and a model of semantic growth},
  author={Steyvers, Mark and Tenenbaum, Joshua B},
  journal={Cognitive science},
  volume={29},
  number={1},
  pages={41--78},
  year={2005},
  publisher={Wiley Online Library}
}

@article{nelson2004university,
  title={The University of South Florida free association, rhyme, and word fragment norms},
  author={Nelson, Douglas L and McEvoy, Cathy L and Schreiber, Thomas A},
  journal={Behavior Research Methods, Instruments, \& Computers},
  volume={36},
  number={3},
  pages={402--407},
  year={2004},
  publisher={Springer}
}

@inproceedings{abbott2012human,
  title={Human memory search as a random walk in a semantic network.},
  author={Abbott, Joshua T and Austerweil, Joseph L and Griffiths, Thomas L},
  booktitle={NIPS},
  pages={3050--3058},
  year={2012}
}

@article{griffiths2007google,
  title={Google and the mind: Predicting fluency with PageRank},
  author={Griffiths, Thomas L and Steyvers, Mark and Firl, Alana},
  journal={Psychological Science},
  volume={18},
  number={12},
  pages={1069--1076},
  year={2007},
  publisher={SAGE Publications Sage CA: Los Angeles, CA}
}


@article{kriegeskorte2008representational,
  title={Representational similarity analysis-connecting the branches of systems neuroscience},
  author={Kriegeskorte, Nikolaus and Mur, Marieke and Bandettini, Peter A},
  journal={Frontiers in systems neuroscience},
  volume={2},
  pages={4},
  year={2008},
  publisher={Frontiers}
}

@article{garvert2017map,
  title={A map of abstract relational knowledge in the human hippocampal--entorhinal cortex},
  author={Garvert, Mona M and Dolan, Raymond J and Behrens, Timothy EJ},
  journal={Elife},
  volume={6},
  pages={e17086},
  year={2017},
  publisher={eLife Sciences Publications Limited}
}

@article{witter2011entorhinal,
  title={Entorhinal cortex},
  author={Witter, Menno},
  journal={Scholarpedia},
  volume={6},
  number={10},
  pages={4380},
  year={2011}
}

@article{schapiro2013neural,
  title={Neural representations of events arise from temporal community structure},
  author={Schapiro, Anna C and Rogers, Timothy T and Cordova, Natalia I and Turk-Browne, Nicholas B and Botvinick, Matthew M},
  journal={Nature neuroscience},
  volume={16},
  number={4},
  pages={486},
  year={2013},
  publisher={Nature Publishing Group}
}

@article{bassett2010efficient,
  title={Efficient physical embedding of topologically complex information processing networks in brains and computer circuits},
  author={Bassett, Danielle S and Greenfield, Daniel L and Meyer-Lindenberg, Andreas and Weinberger, Daniel R and Moore, Simon W and Bullmore, Edward T},
  journal={PLoS computational biology},
  volume={6},
  number={4},
  year={2010},
  publisher={Public Library of Science}
}

@book{huettel2004functional,
  title={Functional magnetic resonance imaging},
  author={Huettel, Scott A and Song, Allen W and McCarthy, Gregory and others},
  volume={1},
  year={2004},
  publisher={Sinauer Associates Sunderland, MA}
}

@inbook{murphy2004big,
  title={The big book of concepts},
  author={Murphy, Gregory},
  year={2004},
  publisher={MIT press}
}

@article{sloman1998categorical,
  title={Categorical inference is not a tree: The myth of inheritance hierarchies},
  author={Sloman, Steven A},
  journal={Cognitive Psychology},
  volume={35},
  number={1},
  pages={1--33},
  year={1998},
  publisher={Elsevier}
}

@article{mervis1981categorization,
  title={Categorization of natural objects},
  author={Mervis, Carolyn B and Rosch, Eleanor},
  journal={Annual review of psychology},
  volume={32},
  number={1},
  pages={89--115},
  year={1981},
  publisher={Annual Reviews 4139 El Camino Way, PO Box 10139, Palo Alto, CA 94303-0139, USA}
}

@article{sloman1998categorical,
  title={Categorical inference is not a tree: The myth of inheritance hierarchies},
  author={Sloman, Steven A},
  journal={Cognitive Psychology},
  volume={35},
  number={1},
  pages={1--33},
  year={1998},
  publisher={Elsevier}
}

@article{kruschke1992alcove,
  title={ALCOVE: an exemplar-based connectionist model of category learning.},
  author={Kruschke, John K},
  journal={Psychological review},
  volume={99},
  number={1},
  pages={22},
  year={1992},
  publisher={American Psychological Association}
}

@article{kurtz2007divergent,
  title={The divergent autoencoder (DIVA) model of category learning},
  author={Kurtz, Kenneth J},
  journal={Psychonomic Bulletin \& Review},
  volume={14},
  number={4},
  pages={560--576},
  year={2007},
  publisher={Springer}
}

@book{rogers2004semantic,
  title={Semantic cognition: A parallel distributed processing approach},
  author={Rogers, Timothy T and McClelland, James L},
  year={2004},
  publisher={MIT press}
}

@book{mcclelland1987parallel,
  title={Parallel distributed processing},
  author={McClelland, James L and Rumelhart, David E and PDP Research Group,  and others},
  volume={2},
  year={1987},
  publisher={MIT press Cambridge, MA:}
}

@article{griffiths2010probabilistic,
  title={Probabilistic models of cognition: Exploring representations and inductive biases},
  author={Griffiths, Thomas L and Chater, Nick and Kemp, Charles and Perfors, Amy and Tenenbaum, Joshua B},
  journal={Trends in cognitive sciences},
  volume={14},
  number={8},
  pages={357--364},
  year={2010},
  publisher={Elsevier}
}

@article{nosofsky2011generalized,
  title={The generalized context model: An exemplar model of classification},
  author={Nosofsky, Robert M},
  journal={Formal approaches in categorization},
  pages={18--39},
  year={2011}
}

@article{minda2001prototypes,
  title={Prototypes in category learning: the effects of category size, category structure, and stimulus complexity.},
  author={Minda, John Paul and Smith, J David},
  journal={Journal of Experimental Psychology: Learning, Memory, and Cognition},
  volume={27},
  number={3},
  pages={775},
  year={2001},
  publisher={American Psychological Association}
}

@article{danks2007theory,
  title={Theory unification and graphical models in human categorization},
  author={Danks, David},
  journal={Causal learning: Psychology, philosophy, and computation},
  pages={173--189},
  year={2007},
  publisher={Oxford University Press}
}

@article{bruner1956study,
  title={A study of thinking John Wiley \& Sons},
  author={Bruner, JS and Goodnow, JJ and Austin, GA},
  journal={Ine, New York},
  year={1956}
}

@incollection{kurtz2015human,
  title={Human category learning: Toward a broader explanatory account},
  author={Kurtz, Kenneth J},
  booktitle={Psychology of learning and motivation},
  volume={63},
  pages={77--114},
  year={2015},
  publisher={Elsevier}
}

@article{markman2003category,
  title={Category use and category learning.},
  author={Markman, Arthur B and Ross, Brian H},
  journal={Psychological bulletin},
  volume={129},
  number={4},
  pages={592},
  year={2003},
  publisher={American Psychological Association}
}

@article{levering2015observation,
  title={Observation versus classification in supervised category learning},
  author={Levering, Kimery R and Kurtz, Kenneth J},
  journal={Memory \& cognition},
  volume={43},
  number={2},
  pages={266--282},
  year={2015},
  publisher={Springer}
}

@article{nosofsky1994comparing,
  title={Comparing modes of rule-based classification learning: A replication and extension of Shepard, Hovland, and Jenkins (1961)},
  author={Nosofsky, Robert M and Gluck, Mark A and Palmeri, Thomas J and McKinley, Stephen C and Glauthier, Paul},
  journal={Memory \& cognition},
  volume={22},
  number={3},
  pages={352--369},
  year={1994},
  publisher={Springer}
}

@article{palmeri1999learning,
  title={Learning categories at different hierarchical levels: A comparison of category learning models},
  author={Palmeri, Thomas J},
  journal={Psychonomic Bulletin \& Review},
  volume={6},
  number={3},
  pages={495--503},
  year={1999},
  publisher={Springer}
}

@article{wills2012adequacy,
  title={On the adequacy of current empirical evaluations of formal models of categorization.},
  author={Wills, Andy J and Pothos, Emmanuel M},
  journal={Psychological bulletin},
  volume={138},
  number={1},
  pages={102},
  year={2012},
  publisher={American Psychological Association}
}

@article{ashby1995categorization,
  title={Categorization as probability density estimation},
  author={Ashby, F Gregory and Alfonso-Reese, Leola A},
  journal={Journal of mathematical psychology},
  volume={39},
  number={2},
  pages={216--233},
  year={1995},
  publisher={Elsevier}
}

@article{shepard1961learning,
  title={Learning and memorization of classifications.},
  author={Shepard, Roger N and Hovland, Carl I and Jenkins, Herbert M},
  journal={Psychological monographs: General and applied},
  volume={75},
  number={13},
  pages={1},
  year={1961},
  publisher={American Psychological Association}
}

@article{kruschke1993human,
  title={Human category learning: Implications for backpropagation models},
  author={Kruschke, John K},
  journal={Connection Science},
  volume={5},
  number={1},
  pages={3--36},
  year={1993},
  publisher={Taylor \& Francis}
}

@article{medin1987family,
  title={Family resemblance, conceptual cohesiveness, and category construction},
  author={Medin, Douglas L and Wattenmaker, William D and Hampson, Sarah E},
  journal={Cognitive psychology},
  volume={19},
  number={2},
  pages={242--279},
  year={1987},
  publisher={Elsevier}
}

@article{rosch1975family,
  title={Family resemblances: Studies in the internal structure of categories},
  author={Rosch, Eleanor and Mervis, Carolyn B},
  journal={Cognitive psychology},
  volume={7},
  number={4},
  pages={573--605},
  year={1975},
  publisher={Elsevier}
}

@article{ashby1999dominance,
  title={On the dominance of unidimensional rules in unsupervised categorization},
  author={Ashby, F Gregory and Queller, Sarah and Berretty, Patricia M},
  journal={Perception \& Psychophysics},
  volume={61},
  number={6},
  pages={1178--1199},
  year={1999},
  publisher={Springer}
}

@article{milton2009neural,
  title={The neural basis of overall similarity and single-dimension sorting},
  author={Milton, Fraser and Wills, Andy J and Hodgson, Timothy L},
  journal={Neuroimage},
  volume={46},
  number={1},
  pages={319--326},
  year={2009},
  publisher={Elsevier}
}

@article{ahn1992two,
  title={A two-stage model of category construction},
  author={Ahn, Woo-Kyoung and Medin, Douglas L},
  journal={Cognitive Science},
  volume={16},
  number={1},
  pages={81--121},
  year={1992},
  publisher={Wiley Online Library}
}

@article{love2004sustain,
  title={SUSTAIN: a network model of category learning.},
  author={Love, Bradley C and Medin, Douglas L and Gureckis, Todd M},
  journal={Psychological review},
  volume={111},
  number={2},
  pages={309},
  year={2004},
  publisher={American Psychological Association}
}

@article{wills2013overall,
  title={Is overall similarity classification less effortful than single-dimension classification?},
  author={Wills, Andy J and Milton, Fraser and Longmore, Christopher A and Hester, Sarah and Robinson, Jo},
  journal={The Quarterly Journal of Experimental Psychology},
  volume={66},
  number={2},
  pages={299--318},
  year={2013},
  publisher={Taylor \& Francis}
}

@article{feldman2000minimization,
  title={Minimization of Boolean complexity in human concept learning},
  author={Feldman, Jacob},
  journal={Nature},
  volume={407},
  number={6804},
  pages={630--633},
  year={2000},
  publisher={Nature Publishing Group}
}

@article{bassett2006small,
  title={Small-world brain networks},
  author={Bassett, Danielle S and Bullmore, ED},
  journal={The neuroscientist},
  volume={12},
  number={6},
  pages={512--523},
  year={2006},
  publisher={Sage Publications Sage CA: Thousand Oaks, CA}
}

@article{hilgetag2016brain,
  title={Is the brain really a small-world network?},
  author={Hilgetag, Claus C and Goulas, Alexandros},
  journal={Brain Structure and Function},
  volume={221},
  number={4},
  pages={2361--2366},
  year={2016},
  publisher={Springer}
}

@article{papo2016beware,
  title={Beware of the small-world neuroscientist},
  author={Papo, David and Zanin, Massimiliano and Martinez, Johann H and Buldu, Javier M},
  journal={Frontiers in human neuroscience},
  volume={10},
  pages={96},
  year={2016},
  publisher={Frontiers}
}










@article{shepard1987toward,
  title={Toward a universal law of generalization for psychological science},
  author={Shepard, Roger N},
  journal={Science},
  volume={237},
  number={4820},
  pages={1317--1323},
  year={1987},
  publisher={American Association for the Advancement of Science}
}

@inproceedings{love1995mutability,
  title={Mutability and the determinants of conceptual transformability},
  author={Love, Bradley C and Sloman, Steven A},
  booktitle={Proc. 17th Annu. Conf. Cogn. Sci. Soc},
  pages={65--59},
  year={1995}
}


@article{goldstone1994role,
  title={The role of similarity in categorization: Providing a groundwork},
  author={Goldstone, Robert L},
  journal={Cognition},
  volume={52},
  number={2},
  pages={125--157},
  year={1994},
  publisher={Elsevier}
}

@article{rosseel2002mixture,
  title={Mixture models of categorization},
  author={Rosseel, Yves},
  journal={Journal of Mathematical Psychology},
  volume={46},
  number={2},
  pages={178--210},
  year={2002},
  publisher={Elsevier}
}

@article{jakel2008similarity,
  title={Similarity, kernels, and the triangle inequality},
  author={J{\"a}kel, Frank and Sch{\"o}lkopf, Bernhard and Wichmann, Felix A},
  journal={Journal of Mathematical Psychology},
  volume={52},
  number={5},
  pages={297--303},
  year={2008},
  publisher={Elsevier}
}

@article{guttman1956discriminability,
  title={Discriminability and stimulus generalization./. exp},
  author={Guttman, Norman and Kalish, HI},
  journal={Psychol},
  volume={51},
  pages={79--88},
  year={1956}
}

@article{kang2004information,
  title={Information tuning of populations of neurons in primary visual cortex},
  author={Kang, Kukjin and Shapley, Robert M and Sompolinsky, Haim},
  journal={Journal of neuroscience},
  volume={24},
  number={15},
  pages={3726--3735},
  year={2004},
  publisher={Soc Neuroscience}
}

@article{butts2006tuning,
  title={Tuning curves, neuronal variability, and sensory coding},
  author={Butts, Daniel A and Goldman, Mark S},
  journal={PLoS biology},
  volume={4},
  number={4},
  pages={e92},
  year={2006},
  publisher={Public Library of Science}
}


@article{anderson1991adaptive,
  title={The adaptive nature of human categorization.},
  author={Anderson, John R},
  journal={Psychological review},
  volume={98},
  number={3},
  pages={409},
  year={1991},
  publisher={American Psychological Association}
}

@article{goldstone1991relational,
  title={Relational similarity and the nonindependence of features in similarity judgments},
  author={Goldstone, Robert L and Medin, Douglas L and Gentner, Dedre},
  journal={Cognitive psychology},
  volume={23},
  number={2},
  pages={222--262},
  year={1991},
  publisher={Elsevier}
}

@article{markman1993structural,
  title={Structural alignment during similarity comparisons},
  author={Markman, Arthur B and Gentner, Dedre},
  journal={Cognitive psychology},
  volume={25},
  number={4},
  pages={431--467},
  year={1993},
  publisher={Elsevier}
}

@article{gentner1988metaphor,
  title={Metaphor as structure mapping: The relational shift},
  author={Gentner, Dedre},
  journal={Child development},
  pages={47--59},
  year={1988},
  publisher={JSTOR}
}

@article{goldstone1994similarity,
  title={Similarity, interactive activation, and mapping.},
  author={Goldstone, Robert L},
  journal={Journal of Experimental Psychology: Learning, Memory, and Cognition},
  volume={20},
  number={1},
  pages={3},
  year={1994},
  publisher={American Psychological Association}
}

@article{shepard1962analysis,
  title={The analysis of proximities: Multidimensional scaling with an unknown distance function. II},
  author={Shepard, Roger N},
  journal={Psychometrika},
  volume={27},
  number={3},
  pages={219--246},
  year={1962},
  publisher={Springer}
}


@inproceedings{lake2015deep,
  title={Deep Neural Networks Predict Category Typicality Ratings for Images.},
  author={Lake, Brenden M and Zaremba, Wojciech and Fergus, Rob and Gureckis, Todd M},
  booktitle={CogSci},
  year={2015}
}

@article{peterson2016adapting,
  title={Adapting deep network features to capture psychological representations},
  author={Peterson, Joshua C and Abbott, Joshua T and Griffiths, Thomas L},
  journal={arXiv preprint arXiv:1608.02164},
  year={2016}
}

@article{long2018mid,
  title={Mid-level visual features underlie the high-level categorical organization of the ventral stream},
  author={Long, Bria and Yu, Chen-Ping and Konkle, Talia},
  journal={Proceedings of the National Academy of Sciences},
  volume={115},
  number={38},
  pages={E9015--E9024},
  year={2018},
  publisher={National Acad Sciences}
}

@article{khaligh2014deep,
  title={Deep supervised, but not unsupervised, models may explain IT cortical representation},
  author={Khaligh-Razavi, Seyed-Mahdi and Kriegeskorte, Nikolaus},
  journal={PLoS computational biology},
  volume={10},
  number={11},
  pages={e1003915},
  year={2014},
  publisher={Public Library of Science}
}


@article{velivckovic2017graph,
  title={Graph attention networks},
  author={Veli{\v{c}}kovi{\'c}, Petar and Cucurull, Guillem and Casanova, Arantxa and Romero, Adriana and Lio, Pietro and Bengio, Yoshua},
  journal={arXiv preprint arXiv:1710.10903},
  year={2017}
}

@article{kipf2016semi,
  title={Semi-supervised classification with graph convolutional networks},
  author={Kipf, Thomas N and Welling, Max},
  journal={arXiv preprint arXiv:1609.02907},
  year={2016}
}

@inproceedings{nr-aaai15,
    title = {The Network Data Repository with Interactive Graph Analytics and Visualization},
    author={Ryan A. Rossi and Nesreen K. Ahmed},
    booktitle = {AAAI},
    url={http://networkrepository.com},
    year={2015}
}


@article{tversky1977features,
  title={Features of similarity.},
  author={Tversky, Amos},
  journal={Psychological review},
  volume={84},
  number={4},
  pages={327},
  year={1977},
  publisher={American Psychological Association}
}

@article{holyoak1983social,
  title={Social reference points.},
  author={Holyoak, Keith J and Gordon, Peter C},
  journal={Journal of Personality and Social Psychology},
  volume={44},
  number={5},
  pages={881},
  year={1983},
  publisher={American Psychological Association}
}

@article{polk2002rating,
  title={Rating the similarity of simple perceptual stimuli: asymmetries induced by manipulating exposure frequency},
  author={Polk, Thad A and Behensky, Charles and Gonzalez, Richard and Smith, Edward E},
  journal={Cognition},
  volume={82},
  number={3},
  pages={B75--B88},
  year={2002},
  publisher={Elsevier}
}

@article{nosofsky1991stimulus,
  title={Stimulus bias, asymmetric similarity, and classification},
  author={Nosofsky, Robert M},
  journal={Cognitive Psychology},
  volume={23},
  number={1},
  pages={94--140},
  year={1991},
  publisher={Elsevier}
}

@article{wiener1980analysis,
  title={An analysis of generative representation systems},
  author={Wiener-Ehrlich, Willa Kay and Bart, William M and Millward, Richard},
  journal={Journal of Mathematical Psychology},
  volume={21},
  number={3},
  pages={219--246},
  year={1980},
  publisher={Elsevier}
}

@article{imai1977pattern,
  title={Pattern similarity and cognitive transformations},
  author={Imai, Shiro},
  journal={Acta Psychologica},
  volume={41},
  number={6},
  pages={433--447},
  year={1977},
  publisher={Elsevier}
}

@article{tversky1982similarity,
  title={Similarity, separability, and the triangle inequality.},
  author={Tversky, Amos and Gati, Itamar},
  journal={Psychological review},
  volume={89},
  number={2},
  pages={123},
  year={1982},
  publisher={American Psychological Association}
}

@article{rada1989development,
  title={Development and application of a metric on semantic nets},
  author={Rada, Roy and Mili, Hafedh and Bicknell, Ellen and Blettner, Maria},
  journal={IEEE transactions on systems, man, and cybernetics},
  volume={19},
  number={1},
  pages={17--30},
  year={1989},
  publisher={IEEE}
}

@article{lee1993information,
  title={Information retrieval based on conceptual distance in IS-A hierarchies},
  author={Lee, Joon Ho and Kim, Myoung Ho and Lee, Yoon Joon},
  journal={Journal of documentation},
  year={1993},
  publisher={MCB UP Ltd}
}

@article{kenett2017semantic,
  title={The semantic distance task: Quantifying semantic distance with semantic network path length.},
  author={Kenett, Yoed N and Levi, Effi and Anaki, David and Faust, Miriam},
  journal={Journal of Experimental Psychology: Learning, Memory, and Cognition},
  volume={43},
  number={9},
  pages={1470},
  year={2017},
  publisher={American Psychological Association}
}

@article{bhatia2019distributed,
  title={Distributed semantic representations for modeling human judgment},
  author={Bhatia, Sudeep and Richie, Russell and Zou, Wanling},
  journal={Current opinion in behavioral sciences},
  volume={29},
  pages={31--36},
  year={2019},
  publisher={Elsevier}
}

@article{gunther2016latent,
  title={Latent semantic analysis cosines as a cognitive similarity measure: Evidence from priming studies},
  author={G{\"u}nther, Fritz and Dudschig, Carolin and Kaup, Barbara},
  journal={The Quarterly Journal of Experimental Psychology},
  volume={69},
  number={4},
  pages={626--653},
  year={2016},
  publisher={Taylor \& Francis}
}

@inproceedings{de2016predicting,
  title={Predicting human similarity judgments with distributional models: The value of word associations.},
  author={De Deyne, Simon and Perfors, Amy and Navarro, Daniel J},
  booktitle={Proceedings of COLING 2016, the 26th International Conference on Computational Linguistics: Technical Papers},
  pages={1861--1870},
  year={2016}
}

@book{james1890principles,
  title={The principles of psychology},
  author={James, William},
  volume={1},
  year={1890/1950},
  publisher={Cosimo, Inc.}
}

@article{attneave1950dimensions,
  title={Dimensions of similarity},
  author={Attneave, Fred},
  journal={The American journal of psychology},
  volume={63},
  number={4},
  pages={516--556},
  year={1950},
  publisher={JSTOR}
}

@book{goldstone2012similarity,
  title={Similarity.},
  author={Goldstone, Robert L and Son, Ji Yun},
  year={2012},
  publisher={Oxford University Press}
}

@article{penn2008darwin,
  title={Darwin's mistake: Explaining the discontinuity between human and nonhuman minds},
  author={Penn, Derek C and Holyoak, Keith J and Povinelli, Daniel J},
  journal={Behavioral and Brain Sciences},
  volume={31},
  number={2},
  pages={109--130},
  year={2008},
  publisher={Cambridge University Press}
}

@article{murphy1985role,
  title={The role of theories in conceptual coherence.},
  author={Murphy, Gregory L and Medin, Douglas L},
  journal={Psychological review},
  volume={92},
  number={3},
  pages={289},
  year={1985},
  publisher={American Psychological Association}
}

@book{carey1985conceptual,
  title={Conceptual change in childhood},
  author={Carey, Susan},
  year={1985},
  publisher={MIT press}
}

@article{springer1989development,
  title={On the development of biologically specific beliefs: The case of inheritance},
  author={Springer, Ken and Keil, Frank C},
  journal={Child development},
  pages={637--648},
  year={1989},
  publisher={JSTOR}
}

@article{barrett1993theory,
  title={Theory-based correlations and their role in children's concepts},
  author={Barrett, Susan E and Abdi, Herv{\'e} and Murphy, Gregory L and Gallagher, Jeanette McCarthy},
  journal={Child Development},
  volume={64},
  number={6},
  pages={1595--1616},
  year={1993},
  publisher={Wiley Online Library}
}

@article{holyoak2011causal,
  title={Causal learning and inference as a rational process: The new synthesis},
  author={Holyoak, Keith J and Cheng, Patricia W},
  journal={Annual review of psychology},
  volume={62},
  pages={135--163},
  year={2011},
  publisher={Annual Reviews}
}

@article{cheng1997covariation,
  title={From covariation to causation: A causal power theory.},
  author={Cheng, Patricia W},
  journal={Psychological review},
  volume={104},
  number={2},
  pages={367},
  year={1997},
  publisher={American Psychological Association}
}


@book{danks2014unifying,
  title={Unifying the mind: Cognitive representations as graphical models},
  author={Danks, David},
  year={2014},
  publisher={Mit Press}
}


@article{mcclelland2010letting,
  title={Letting structure emerge: connectionist and dynamical systems approaches to cognition},
  author={McClelland, James L and Botvinick, Matthew M and Noelle, David C and Plaut, David C and Rogers, Timothy T and Seidenberg, Mark S and Smith, Linda B},
  journal={Trends in cognitive sciences},
  volume={14},
  number={8},
  pages={348--356},
  year={2010},
  publisher={Elsevier}
}

@article{lecun2015deep,
  title={Deep learning},
  author={LeCun, Yann and Bengio, Yoshua and Hinton, Geoffrey},
  journal={nature},
  volume={521},
  number={7553},
  pages={436--444},
  year={2015},
  publisher={Nature Publishing Group}
}

@inproceedings{he2015delving,
  title={Delving deep into rectifiers: Surpassing human-level performance on imagenet classification},
  author={He, Kaiming and Zhang, Xiangyu and Ren, Shaoqing and Sun, Jian},
  booktitle={Proceedings of the IEEE international conference on computer vision},
  pages={1026--1034},
  year={2015}
}

@inproceedings{johnson2016composing,
  title={Composing graphical models with neural networks for structured representations and fast inference},
  author={Johnson, Matthew J and Duvenaud, David K and Wiltschko, Alex and Adams, Ryan P and Datta, Sandeep R},
  booktitle={Advances in neural information processing systems},
  pages={2946--2954},
  year={2016}
}

@misc{black1966models,
  title={Models and Analogies in Science},
  author={Black, Max and Hesse, MB},
  year={1966},
  publisher={South Bend, University of Notre Dame Press}
}

@article{gentner1983structure,
  title={Structure-mapping: A theoretical framework for analogy},
  author={Gentner, Dedre},
  journal={Cognitive science},
  volume={7},
  number={2},
  pages={155--170},
  year={1983},
  publisher={Elsevier}
}

@article{gentner1997reasoning,
  title={Reasoning and learning by analogy: Introduction.},
  author={Gentner, Dedre and Holyoak, Keith J},
  journal={American psychologist},
  volume={52},
  number={1},
  pages={32},
  year={1997},
  publisher={American Psychological Association}
}

@article{gust2008analogical,
  title={Analogical Reasoning: A Core of Cognition.},
  author={Gust, Helmar and Krumnack, Ulf and K{\"u}hnberger, Kai-Uwe and Schwering, Angela},
  journal={KI},
  volume={22},
  number={1},
  pages={8--12},
  year={2008}
}

@article{forbus2017extending,
  title={Extending SME to handle large-scale cognitive modeling},
  author={Forbus, Kenneth D and Ferguson, Ronald W and Lovett, Andrew and Gentner, Dedre},
  journal={Cognitive Science},
  volume={41},
  number={5},
  pages={1152--1201},
  year={2017},
  publisher={Wiley Online Library}
}

@article{hummel1997distributed,
  title={Distributed representations of structure: A theory of analogical access and mapping.},
  author={Hummel, John E and Holyoak, Keith J},
  journal={Psychological review},
  volume={104},
  number={3},
  pages={427},
  year={1997},
  publisher={American Psychological Association}
}

@article{doumas2008theory,
  title={A theory of the discovery and predication of relational concepts.},
  author={Doumas, Leonidas AA and Hummel, John E and Sandhofer, Catherine M},
  journal={Psychological review},
  volume={115},
  number={1},
  pages={1},
  year={2008},
  publisher={American Psychological Association}
}

@article{larkey2003cab,
  title={CAB: Connectionist analogy builder},
  author={Larkey, Levi B and Love, Bradley C},
  journal={Cognitive Science},
  volume={27},
  number={5},
  pages={781--794},
  year={2003},
  publisher={Wiley Online Library}
}

@article{hofstadter1995copycat,
  title={The copycat project: A model of mental fluidity and analogy-making},
  author={Hofstadter, Douglas R and Mitchell, Melanie and others},
  journal={Advances in connectionist and neural computation theory},
  volume={2},
  pages={205--267},
  year={1995},
  publisher={Ablex Norwood, NJ}
}

@article{chalmers1992high,
  title={High-level perception, representation, and analogy: A critique of artificial intelligence methodology},
  author={Chalmers, David J and French, Robert M and Hofstadter, Douglas R},
  journal={Journal of Experimental \& Theoretical Artificial Intelligence},
  volume={4},
  number={3},
  pages={185--211},
  year={1992},
  publisher={Taylor \& Francis}
}

@inproceedings{rensink2004representing,
  title={Representing first-order logic using graphs},
  author={Rensink, Arend},
  booktitle={International Conference on Graph Transformation},
  pages={319--335},
  year={2004},
  organization={Springer}
}

@article{kemp2010probabilistic,
  title={A probabilistic model of theory formation},
  author={Kemp, Charles and Tenenbaum, Joshua B and Niyogi, Sourabh and Griffiths, Thomas L},
  journal={Cognition},
  volume={114},
  number={2},
  pages={165--196},
  year={2010},
  publisher={Elsevier}
}

@inproceedings{kemp2005generative,
  title={A generative theory of similarity},
  author={Kemp, Charles and Bernstein, Aaron and Tenenbaum, Joshua B},
  booktitle={Proceedings of the 27th annual conference of the cognitive science society},
  pages={1132--1137},
  year={2005},
  organization={Citeseer}
}

@article{kemp2004discovering,
  title={Discovering latent classes in relational data},
  author={Kemp, Charles and Griffiths, Thomas L and Tenenbaum, Joshua B},
  year={2004}
}

@article{pylyshyn1973mind,
  title={What the mind's eye tells the mind's brain: A critique of mental imagery.},
  author={Pylyshyn, Zenon W},
  journal={Psychological bulletin},
  volume={80},
  number={1},
  pages={1},
  year={1973},
  publisher={American Psychological Association}
}

@article{biederman1987recognition,
  title={Recognition-by-components: a theory of human image understanding.},
  author={Biederman, Irving},
  journal={Psychological review},
  volume={94},
  number={2},
  pages={115},
  year={1987},
  publisher={American Psychological Association}
}

@article{hummel1992dynamic,
  title={Dynamic binding in a neural network for shape recognition.},
  author={Hummel, John E and Biederman, Irving},
  journal={Psychological review},
  volume={99},
  number={3},
  pages={480},
  year={1992},
  publisher={American Psychological Association}
}

@book{chomsky1965aspects,
  title={Aspects of the Theory of Syntax},
  author={Chomsky, Noam},
  year={1965},
  publisher={MIT press}
}

@article{han2008bottom,
  title={Bottom-up/top-down image parsing with attribute grammar},
  author={Han, Feng and Zhu, Song-Chun},
  journal={IEEE Transactions on Pattern Analysis and Machine Intelligence},
  volume={31},
  number={1},
  pages={59--73},
  year={2008},
  publisher={IEEE}
}

@article{hinton1981shape,
  title={SHAPE RFPRFSFNTATTON IN PARALLEL SYSTEMS},
  author={Hinton, Geoffrey F},
  year={1981}
}

@inproceedings{torralba2011learning,
  title={Learning to learn with compound HD models},
  author={Torralba, Antonio and Tenenbaum, Joshua B and Salakhutdinov, Russ R},
  booktitle={Advances in neural information processing systems},
  pages={2061--2069},
  year={2011}
}

@inproceedings{hummel2004solution,
  title={A solution to the binding problem for compositional connectionism},
  author={Hummel, John E and Holyoak, Keith J and Green, Collin and Doumas, Leonidas AA and Devnich, Derek and Kittur, Aniket and Kalar, Donald J},
  booktitle={Compositional connectionism in cognitive science: Papers from the AAAI Fall Symposium, ed. SD Levy \& R. Gayler},
  pages={31--34},
  year={2004}
}

@book{liu2019practical,
  title={Practical Applications of Bayesian Reliability},
  author={Liu, Yan and Abeyratne, Athula I},
  year={2019},
  publisher={John Wiley \& Sons}
}

@inproceedings{santoro2017simple,
  title={A simple neural network module for relational reasoning},
  author={Santoro, Adam and Raposo, David and Barrett, David G and Malinowski, Mateusz and Pascanu, Razvan and Battaglia, Peter and Lillicrap, Timothy},
  booktitle={Advances in neural information processing systems},
  pages={4967--4976},
  year={2017}
}

@inproceedings{johnson2017clevr,
  title={Clevr: A diagnostic dataset for compositional language and elementary visual reasoning},
  author={Johnson, Justin and Hariharan, Bharath and van der Maaten, Laurens and Fei-Fei, Li and Lawrence Zitnick, C and Girshick, Ross},
  booktitle={Proceedings of the IEEE Conference on Computer Vision and Pattern Recognition},
  pages={2901--2910},
  year={2017}
}

@article{zurn2020network,
  title={Network architectures supporting learnability},
  author={Zurn, Perry and Bassett, Danielle S},
  journal={Philosophical Transactions of the Royal Society B},
  volume={375},
  number={1796},
  pages={20190323},
  year={2020},
  publisher={The Royal Society}
}


@article{wu2020inference,
  title={Inference and search on graph-structured spaces},
  author={Wu, Charley M and Schulz, Eric and Gershman, Samuel J},
  journal={bioRxiv},
  year={2020},
  publisher={Cold Spring Harbor Laboratory}
}

@article{hamrick2018relational,
  title={Relational inductive bias for physical construction in humans and machines},
  author={Hamrick, Jessica B and Allen, Kelsey R and Bapst, Victor and Zhu, Tina and McKee, Kevin R and Tenenbaum, Joshua B and Battaglia, Peter W},
  journal={arXiv preprint arXiv:1806.01203},
  year={2018}
}


@article{tenenbaum2011grow,
  title={How to grow a mind: Statistics, structure, and abstraction},
  author={Tenenbaum, Joshua B and Kemp, Charles and Griffiths, Thomas L and Goodman, Noah D},
  journal={science},
  volume={331},
  number={6022},
  pages={1279--1285},
  year={2011},
  publisher={American Association for the Advancement of Science}
}

@article{wu2020comprehensive,
  title={A comprehensive survey on graph neural networks},
  author={Wu, Zonghan and Pan, Shirui and Chen, Fengwen and Long, Guodong and Zhang, Chengqi and Philip, S Yu},
  journal={IEEE Transactions on Neural Networks and Learning Systems},
  year={2020},
  publisher={IEEE}
}

@article{scarselli2008graph,
  title={The graph neural network model},
  author={Scarselli, Franco and Gori, Marco and Tsoi, Ah Chung and Hagenbuchner, Markus and Monfardini, Gabriele},
  journal={IEEE Transactions on Neural Networks},
  volume={20},
  number={1},
  pages={61--80},
  year={2008},
  publisher={IEEE}
}

@article{xu2018powerful,
  title={How powerful are graph neural networks?},
  author={Xu, Keyulu and Hu, Weihua and Leskovec, Jure and Jegelka, Stefanie},
  journal={arXiv preprint arXiv:1810.00826},
  year={2018}
}

@article{velivckovic2017graph,
  title={Graph attention networks},
  author={Veli{\v{c}}kovi{\'c}, Petar and Cucurull, Guillem and Casanova, Arantxa and Romero, Adriana and Lio, Pietro and Bengio, Yoshua},
  journal={arXiv preprint arXiv:1710.10903},
  year={2017}
}

@article{baker2018deep,
  title={Deep convolutional networks do not classify based on global object shape},
  author={Baker, Nicholas and Lu, Hongjing and Erlikhman, Gennady and Kellman, Philip J},
  journal={PLoS computational biology},
  volume={14},
  number={12},
  pages={e1006613},
  year={2018},
  publisher={Public Library of Science}
}

@inproceedings{baker2018illusory,
  title={Deep Convolutional Networks do not Perceive Illusory Contours.},
  author={Baker, Nicholas and Erlikhman, Gennady and Kellman, Philip J and Lu, Hongjing},
  booktitle={CogSci},
  year={2018}
}

@inproceedings{erdogan20163d,
  title={A 3D shape inference model matches human visual object similarity judgments better than deep convolutional neural networks.},
  author={Erdogan, Goker and Jacobs, Robert A},
  booktitle={CogSci},
  year={2016}
}

@article{pollack1990recursive,
  title={Recursive distributed representations},
  author={Pollack, Jordan B},
  journal={Artificial Intelligence},
  volume={46},
  number={1-2},
  pages={77--105},
  year={1990},
  publisher={Elsevier}
}

@article{smolensky1990tensor,
  title={Tensor product variable binding and the representation of symbolic structures in connectionist systems},
  author={Smolensky, Paul},
  journal={Artificial intelligence},
  volume={46},
  number={1-2},
  pages={159--216},
  year={1990},
  publisher={Elsevier}
}
