@article{smolensky1988proper,
  title={On the proper treatment of connectionism},
  author={Smolensky, Paul},
  journal={Behavioral and brain sciences},
  volume={11},
  number={1},
  pages={1--23},
  year={1988},
  publisher={Cambridge University Press}
}


@article{schmidhuber2015deepSchol,
  title={Deep learning},
  author={Schmidhuber, Jürgen},
  journal={Scholarpedia},
  volume={10},
  number={11},
  pages={32832},
  year={2015}
}



@article{lecun2015deep,
  title={Deep learning},
  author={LeCun, Yann and Bengio, Yoshua and Hinton, Geoffrey},
  journal={nature},
  volume={521},
  number={7553},
  pages={436--444},
  year={2015},
  publisher={Nature Publishing Group}
}

@article{rumelhart1986general,
  title={A general framework for parallel distributed processing},
  author={Rumelhart, David E and Hinton, Geoffrey E and McClelland, James L and others},
  journal={Parallel distributed processing: Explorations in the microstructure of cognition},
  volume={1},
  number={45-76},
  pages={26},
  year={1986},
  publisher={Cambridge, MA: MIT Press}
}

@article{mcculloch1943logical,
  title={A logical calculus of the ideas immanent in nervous activity},
  author={McCulloch, Warren S and Pitts, Walter},
  journal={The bulletin of mathematical biophysics},
  volume={5},
  number={4},
  pages={115--133},
  year={1943},
  publisher={Springer}
}

@misc{ivakhnenko1965cybernetic,
  title={Cybernetic Predictive Devices},
  author={Ivakhnenko, AG and Lapa, VG},
  year={1965},
  publisher={Naukova Dumka, Kiev}
}

@article{hornik1989multilayer,
  title={Multilayer feedforward networks are universal approximators.},
  author={Hornik, Kurt and Stinchcombe, Maxwell and White, Halbert and others},
  journal={Neural networks},
  volume={2},
  number={5},
  pages={359--366},
  year={1989}
}

@article{rosenblatt1958perceptron,
  title={The perceptron: a probabilistic model for information storage and organization in the brain.},
  author={Rosenblatt, Frank},
  journal={Psychological review},
  volume={65},
  number={6},
  pages={386},
  year={1958},
  publisher={American Psychological Association}
}

@article{graves2014neural,
  title={Neural turing machines},
  author={Graves, Alex and Wayne, Greg and Danihelka, Ivo},
  journal={arXiv preprint arXiv:1410.5401},
  year={2014}
}

@article{schmidhuber2015deep,
  title={Deep learning in neural networks: An overview},
  author={Schmidhuber, Jürgen},
  journal={Neural networks},
  volume={61},
  pages={85--117},
  year={2015},
  publisher={Elsevier}
}

@article{glasmachers2017limits,
  title={Limits of end-to-end learning},
  author={Glasmachers, Tobias},
  journal={arXiv preprint arXiv:1704.08305},
  year={2017}
}

@article{fukushima1983neocognitron,
  title={Neocognitron: A neural network model for a mechanism of visual pattern recognition},
  author={Fukushima, Kunihiko and Miyake, Sei and Ito, Takayuki},
  journal={IEEE transactions on systems, man, and cybernetics},
  number={5},
  pages={826--834},
  year={1983},
  publisher={IEEE}
}

@article{lecun1989backpropagation,
  title={Backpropagation applied to handwritten zip code recognition},
  author={LeCun, Yann and Boser, Bernhard and Denker, John S and Henderson, Donnie and Howard, Richard E and Hubbard, Wayne and Jackel, Lawrence D},
  journal={Neural computation},
  volume={1},
  number={4},
  pages={541--551},
  year={1989},
  publisher={MIT Press}
}

@article{hopfield2007hopfield,
  title={Hopfield network},
  author={Hopfield, John J},
  journal={Scholarpedia},
  volume={2},
  number={5},
  pages={1977},
  year={2007}
}

@article{kohonen2007kohonen,
  title={Kohonen network},
  author={Kohonen, Teuvo and Honkela, Timo},
  journal={Scholarpedia},
  volume={2},
  number={1},
  pages={1568},
  year={2007}
}

@article{hinton2007boltzmann,
  title={Boltzmann machine},
  author={Hinton, Geoffrey E},
  journal={Scholarpedia},
  volume={2},
  number={5},
  pages={1668},
  year={2007}
}

@article{hubel1962receptive,
  title={Receptive fields, binocular interaction and functional architecture in the cat's visual cortex},
  author={Hubel, David H and Wiesel, Torsten N},
  journal={The Journal of physiology},
  volume={160},
  number={1},
  pages={106--154},
  year={1962},
  publisher={Wiley Online Library}
}

@article{hubel1968receptive,
  title={Receptive fields and functional architecture of monkey striate cortex},
  author={Hubel, David H and Wiesel, Torsten N},
  journal={The Journal of physiology},
  volume={195},
  number={1},
  pages={215--243},
  year={1968},
  publisher={Wiley Online Library}
}

@article{de1982orientation,
  title={The orientation and direction selectivity of cells in macaque visual cortex},
  author={De Valois, Russell L and Yund, E William and Hepler, Norva},
  journal={Vision research},
  volume={22},
  number={5},
  pages={531--544},
  year={1982},
  publisher={Elsevier}
}

@article{van1998independent,
  title={Independent component filters of natural images compared with simple cells in primary visual cortex},
  author={Van Hateren, J Hans and van der Schaaf, Arjen},
  journal={Proceedings of the Royal Society of London. Series B: Biological Sciences},
  volume={265},
  number={1394},
  pages={359--366},
  year={1998},
  publisher={The Royal Society}
}

@inproceedings{lee2008sparse,
  title={Sparse deep belief net model for visual area V2},
  author={Lee, Honglak and Ekanadham, Chaitanya and Ng, Andrew Y},
  booktitle={Advances in neural information processing systems},
  pages={873--880},
  year={2008}
}

@article{zipser1988back,
  title={A back-propagation programmed network that simulates response properties of a subset of posterior parietal neurons},
  author={Zipser, David and Andersen, Richard A},
  journal={Nature},
  volume={331},
  number={6158},
  pages={679--684},
  year={1988},
  publisher={Nature Publishing Group}
}

@article{cavada2001visual,
  title={The visual parietal areas in the macaque monkey: current structural knowledge and ignorance},
  author={Cavada, Carmen},
  journal={Neuroimage},
  volume={14},
  number={1},
  pages={S21--S26},
  year={2001},
  publisher={Elsevier}
}

@article{linsker1988self,
  title={Self-organization in a perceptual network},
  author={Linsker, Ralph},
  journal={Computer},
  volume={21},
  number={3},
  pages={105--117},
  year={1988},
  publisher={IEEE}
}

@article{mazzoni1991more,
  title={A more biologically plausible learning rule for neural networks.},
  author={Mazzoni, Pietro and Andersen, Richard A and Jordan, Michael I},
  journal={Proceedings of the National Academy of Sciences},
  volume={88},
  number={10},
  pages={4433--4437},
  year={1991},
  publisher={National Acad Sciences}
}

@article{xie2003equivalence,
  title={Equivalence of backpropagation and contrastive Hebbian learning in a layered network},
  author={Xie, Xiaohui and Seung, H Sebastian},
  journal={Neural computation},
  volume={15},
  number={2},
  pages={441--454},
  year={2003},
  publisher={MIT Press}
}

@article{bengio2015towards,
  title={Towards biologically plausible deep learning},
  author={Bengio, Yoshua and Lee, Dong-Hyun and Bornschein, Jorg and Mesnard, Thomas and Lin, Zhouhan},
  journal={arXiv preprint arXiv:1502.04156},
  year={2015}
}

@article{ito2004representation,
  title={Representation of angles embedded within contour stimuli in area V2 of macaque monkeys},
  author={Ito, Minami and Komatsu, Hidehiko},
  journal={Journal of Neuroscience},
  volume={24},
  number={13},
  pages={3313--3324},
  year={2004},
  publisher={Soc Neuroscience}
}

@inproceedings{he2015delving,
  title={Delving deep into rectifiers: Surpassing human-level performance on imagenet classification},
  author={He, Kaiming and Zhang, Xiangyu and Ren, Shaoqing and Sun, Jian},
  booktitle={Proceedings of the IEEE international conference on computer vision},
  pages={1026--1034},
  year={2015}
}

@article{cadena2019deep,
  title={Deep convolutional models improve predictions of macaque V1 responses to natural images},
  author={Cadena, Santiago A and Denfield, George H and Walker, Edgar Y and Gatys, Leon A and Tolias, Andreas S and Bethge, Matthias and Ecker, Alexander S},
  journal={PLoS computational biology},
  volume={15},
  number={4},
  pages={e1006897},
  year={2019},
  publisher={Public Library of Science}
}

@article{simonyan2014very,
  title={Very deep convolutional networks for large-scale image recognition},
  author={Simonyan, Karen and Zisserman, Andrew},
  journal={arXiv preprint arXiv:1409.1556},
  year={2014}
}

@article{yamins2014performance,
  title={Performance-optimized hierarchical models predict neural responses in higher visual cortex},
  author={Yamins, Daniel LK and Hong, Ha and Cadieu, Charles F and Solomon, Ethan A and Seibert, Darren and DiCarlo, James J},
  journal={Proceedings of the National Academy of Sciences},
  volume={111},
  number={23},
  pages={8619--8624},
  year={2014},
  publisher={National Acad Sciences}
}

@article{yamins2016using,
  title={Using goal-driven deep learning models to understand sensory cortex},
  author={Yamins, Daniel LK and DiCarlo, James J},
  journal={Nature neuroscience},
  volume={19},
  number={3},
  pages={356},
  year={2016},
  publisher={Nature Publishing Group}
}


% other models of vision
@article{lowe2004distinctive,
  title={Distinctive image features from scale-invariant keypoints},
  author={Lowe, David G},
  journal={International journal of computer vision},
  volume={60},
  number={2},
  pages={91--110},
  year={2004},
  publisher={Springer}
}

@article{serre2007feedforward,
  title={A feedforward architecture accounts for rapid categorization},
  author={Serre, Thomas and Oliva, Aude and Poggio, Tomaso},
  journal={Proceedings of the national academy of sciences},
  volume={104},
  number={15},
  pages={6424--6429},
  year={2007},
  publisher={National Acad Sciences}
}
% - - 

@article{kriegeskorte2008matching,
  title={Matching categorical object representations in inferior temporal cortex of man and monkey},
  author={Kriegeskorte, Nikolaus and Mur, Marieke and Ruff, Douglas A and Kiani, Roozbeh and Bodurka, Jerzy and Esteky, Hossein and Tanaka, Keiji and Bandettini, Peter A},
  journal={Neuron},
  volume={60},
  number={6},
  pages={1126--1141},
  year={2008},
  publisher={Elsevier}
}

@article{long2018mid,
  title={Mid-level visual features underlie the high-level categorical organization of the ventral stream},
  author={Long, Bria and Yu, Chen-Ping and Konkle, Talia},
  journal={Proceedings of the National Academy of Sciences},
  volume={115},
  number={38},
  pages={E9015--E9024},
  year={2018},
  publisher={National Acad Sciences}
}

% RSA
@article{kriegeskorte2008representational,
  title={Representational similarity analysis-connecting the branches of systems neuroscience},
  author={Kriegeskorte, Nikolaus and Mur, Marieke and Bandettini, Peter A},
  journal={Frontiers in systems neuroscience},
  volume={2},
  pages={4},
  year={2008},
  publisher={Frontiers}
}

@article{khaligh2014deep,
  title={Deep supervised, but not unsupervised, models may explain IT cortical representation},
  author={Khaligh-Razavi, Seyed-Mahdi and Kriegeskorte, Nikolaus},
  journal={PLoS computational biology},
  volume={10},
  number={11},
  pages={e1003915},
  year={2014},
  publisher={Public Library of Science}
}

@article{kietzmann2018deep,
  title={Deep neural networks in computational neuroscience},
  author={Kietzmann, Tim Christian and McClure, Patrick and Kriegeskorte, Nikolaus},
  journal={BioRxiv},
  pages={133504},
  year={2018},
  publisher={Cold Spring Harbor Laboratory}
}

@inproceedings{lake2015deep,
  title={Deep Neural Networks Predict Category Typicality Ratings for Images.},
  author={Lake, Brenden M and Zaremba, Wojciech and Fergus, Rob and Gureckis, Todd M},
  booktitle={CogSci},
  year={2015}
}

@article{sermanet2013overfeat,
  title={Overfeat: Integrated recognition, localization and detection using convolutional networks},
  author={Sermanet, Pierre and Eigen, David and Zhang, Xiang and Mathieu, Micha{\"e}l and Fergus, Rob and LeCun, Yann},
  journal={arXiv preprint arXiv:1312.6229},
  year={2013}
}

@article{tanaka1996inferotemporal,
  title={Inferotemporal cortex and object vision},
  author={Tanaka, Keiji},
  journal={Annual review of neuroscience},
  volume={19},
  number={1},
  pages={109--139},
  year={1996},
  publisher={Annual Reviews 4139 El Camino Way, PO Box 10139, Palo Alto, CA 94303-0139, USA}
}

@article{biederman1987recognition,
  title={Recognition-by-components: a theory of human image understanding.},
  author={Biederman, Irving},
  journal={Psychological review},
  volume={94},
  number={2},
  pages={115},
  year={1987},
  publisher={American Psychological Association}
}

@article{hummel1992dynamic,
  title={Dynamic binding in a neural network for shape recognition.},
  author={Hummel, John E and Biederman, Irving},
  journal={Psychological review},
  volume={99},
  number={3},
  pages={480},
  year={1992},
  publisher={American Psychological Association}
}

@article{peterson2016adapting,
  title={Adapting deep network features to capture psychological representations},
  author={Peterson, Joshua C and Abbott, Joshua T and Griffiths, Thomas L},
  journal={arXiv preprint arXiv:1608.02164},
  year={2016}
}

@article{bobadilla2019measures,
  title={Measures of neural similarity},
  author={Bobadilla-Suarez, Sebastian and Ahlheim, Christiane and Mehrotra, Abhinav and Panos, Aristeidis and Love, Bradley C},
  journal={Computational Brain \& Behavior},
  pages={1--15},
  year={2019},
  publisher={Springer}
}

@inproceedings{dubey2015makes,
  title={What makes an object memorable?},
  author={Dubey, Rachit and Peterson, Joshua and Khosla, Aditya and Yang, Ming-Hsuan and Ghanem, Bernard},
  booktitle={Proceedings of the ieee international conference on computer vision},
  pages={1089--1097},
  year={2015}
}

@article{isola2013makes,
  title={What makes a photograph memorable?},
  author={Isola, Phillip and Xiao, Jianxiong and Parikh, Devi and Torralba, Antonio and Oliva, Aude},
  journal={IEEE transactions on pattern analysis and machine intelligence},
  volume={36},
  number={7},
  pages={1469--1482},
  year={2013},
  publisher={IEEE}
}

@inproceedings{hinton1981shape,
  title={Shape representation in parallel systems},
  author={Hinton, Geoffrey E},
  booktitle={Proceedings of the 7th international joint conference on Artificial intelligence-Volume 2},
  pages={1088--1096},
  year={1981}
}

@inproceedings{pramod2016computational,
  title={Do computational models differ systematically from human object perception?},
  author={Pramod, RT and Arun, SP},
  booktitle={Proceedings of the IEEE Conference on Computer Vision and Pattern Recognition},
  pages={1601--1609},
  year={2016}
}

@article{erdogan2017visual,
  title={Visual shape perception as Bayesian inference of 3D object-centered shape representations.},
  author={Erdogan, Goker and Jacobs, Robert A},
  journal={Psychological review},
  volume={124},
  number={6},
  pages={740},
  year={2017},
  publisher={American Psychological Association}
}

@inproceedings{krizhevsky2012imagenet,
  title={Imagenet classification with deep convolutional neural networks},
  author={Krizhevsky, Alex and Sutskever, Ilya and Hinton, Geoffrey E},
  booktitle={Advances in neural information processing systems},
  pages={1097--1105},
  year={2012}
}

@inproceedings{szegedy2015going,
  title={Going deeper with convolutions},
  author={Szegedy, Christian and Liu, Wei and Jia, Yangqing and Sermanet, Pierre and Reed, Scott and Anguelov, Dragomir and Erhan, Dumitru and Vanhoucke, Vincent and Rabinovich, Andrew},
  booktitle={Proceedings of the IEEE conference on computer vision and pattern recognition},
  pages={1--9},
  year={2015}
}

@inproceedings{erdogan20163d,
  title={A 3D shape inference model matches human visual object similarity judgments better than deep convolutional neural networks.},
  author={Erdogan, Goker and Jacobs, Robert A},
  booktitle={CogSci},
  year={2016}
}

@inproceedings{lee2009convolutional,
  title={Convolutional deep belief networks for scalable unsupervised learning of hierarchical representations},
  author={Lee, Honglak and Grosse, Roger and Ranganath, Rajesh and Ng, Andrew Y},
  booktitle={Proceedings of the 26th annual international conference on machine learning},
  pages={609--616},
  year={2009}
}

@inproceedings{johnson2016composing,
  title={Composing graphical models with neural networks for structured representations and fast inference},
  author={Johnson, Matthew J and Duvenaud, David K and Wiltschko, Alex and Adams, Ryan P and Datta, Sandeep R},
  booktitle={Advances in neural information processing systems},
  pages={2946--2954},
  year={2016}
}

@article{griffiths2010probabilistic,
  title={Probabilistic models of cognition: Exploring representations and inductive biases},
  author={Griffiths, Thomas L and Chater, Nick and Kemp, Charles and Perfors, Amy and Tenenbaum, Joshua B},
  journal={Trends in cognitive sciences},
  volume={14},
  number={8},
  pages={357--364},
  year={2010},
  publisher={Elsevier}
}

@article{baker2018deep,
  title={Deep convolutional networks do not classify based on global object shape},
  author={Baker, Nicholas and Lu, Hongjing and Erlikhman, Gennady and Kellman, Philip J},
  journal={PLoS computational biology},
  volume={14},
  number={12},
  pages={e1006613},
  year={2018},
  publisher={Public Library of Science}
}

@inproceedings{deng2009imagenet,
  title={Imagenet: A large-scale hierarchical image database},
  author={Deng, Jia and Dong, Wei and Socher, Richard and Li, Li-Jia and Li, Kai and Fei-Fei, Li},
  booktitle={2009 IEEE conference on computer vision and pattern recognition},
  pages={248--255},
  year={2009},
  organization={Ieee}
}

@inproceedings{vig2014large,
  title={Large-scale optimization of hierarchical features for saliency prediction in natural images},
  author={Vig, Eleonora and Dorr, Michael and Cox, David},
  booktitle={Proceedings of the IEEE Conference on Computer Vision and Pattern Recognition},
  pages={2798--2805},
  year={2014}
}

@article{kummerer2014deep,
  title={Deep gaze i: Boosting saliency prediction with feature maps trained on imagenet},
  author={K{\"u}mmerer, Matthias and Theis, Lucas and Bethge, Matthias},
  journal={arXiv preprint arXiv:1411.1045},
  year={2014}
}

@inproceedings{judd2009learning,
  title={Learning to predict where humans look},
  author={Judd, Tilke and Ehinger, Krista and Durand, Fr{\'e}do and Torralba, Antonio},
  booktitle={2009 IEEE 12th international conference on computer vision},
  pages={2106--2113},
  year={2009},
  organization={IEEE}
}

@article{jo2017measuring,
  title={Measuring the tendency of CNNs to learn surface statistical regularities},
  author={Jo, Jason and Bengio, Yoshua},
  journal={arXiv preprint arXiv:1711.11561},
  year={2017}
}

@article{zhang2016understanding,
  title={Understanding deep learning requires rethinking generalization},
  author={Zhang, Chiyuan and Bengio, Samy and Hardt, Moritz and Recht, Benjamin and Vinyals, Oriol},
  journal={arXiv preprint arXiv:1611.03530},
  year={2016}
}

@article{geirhos2018imagenet,
  title={ImageNet-trained CNNs are biased towards texture; increasing shape bias improves accuracy and robustness},
  author={Geirhos, Robert and Rubisch, Patricia and Michaelis, Claudio and Bethge, Matthias and Wichmann, Felix A and Brendel, Wieland},
  journal={arXiv preprint arXiv:1811.12231},
  year={2018}
}

@article{rosenfeld2018elephant,
  title={The elephant in the room},
  author={Rosenfeld, Amir and Zemel, Richard and Tsotsos, John K},
  journal={arXiv preprint arXiv:1808.03305},
  year={2018}
}

@article{serre2019deep,
  title={Deep learning: the good, the bad, and the ugly},
  author={Serre, Thomas},
  journal={Annual Review of Vision Science},
  volume={5},
  pages={399--426},
  year={2019},
  publisher={Annual Reviews}
}

@article{fleuret2011comparing,
  title={Comparing machines and humans on a visual categorization test},
  author={Fleuret, Fran{\c{c}}ois and Li, Ting and Dubout, Charles and Wampler, Emma K and Yantis, Steven and Geman, Donald},
  journal={Proceedings of the National Academy of Sciences},
  volume={108},
  number={43},
  pages={17621--17625},
  year={2011},
  publisher={National Acad Sciences}
}

@inproceedings{stabinger201625,
  title={25 years of cnns: Can we compare to human abstraction capabilities?},
  author={Stabinger, Sebastian and Rodríguez-Sánchez, Antonio and Piater, Justus},
  booktitle={International Conference on Artificial Neural Networks},
  pages={380--387},
  year={2016},
  organization={Springer}
}

@article{lecun1989backpropagation,
  title={Backpropagation applied to handwritten zip code recognition},
  author={LeCun, Yann and Boser, Bernhard and Denker, John S and Henderson, Donnie and Howard, Richard E and Hubbard, Wayne and Jackel, Lawrence D},
  journal={Neural computation},
  volume={1},
  number={4},
  pages={541--551},
  year={1989},
  publisher={MIT Press}
}

@article{gulccehre2016knowledge,
  title={Knowledge matters: Importance of prior information for optimization},
  author={G{\"u}l{\c{c}}ehre, {\c{C}}aǧlar and Bengio, Yoshua},
  journal={The Journal of Machine Learning Research},
  volume={17},
  number={1},
  pages={226--257},
  year={2016},
  publisher={JMLR. org}
}

@inproceedings{nguyen2015deep,
  title={Deep neural networks are easily fooled: High confidence predictions for unrecognizable images},
  author={Nguyen, Anh and Yosinski, Jason and Clune, Jeff},
  booktitle={Proceedings of the IEEE conference on computer vision and pattern recognition},
  pages={427--436},
  year={2015}
}

@article{szegedy2013intriguing,
  title={Intriguing properties of neural networks},
  author={Szegedy, Christian and Zaremba, Wojciech and Sutskever, Ilya and Bruna, Joan and Erhan, Dumitru and Goodfellow, Ian and Fergus, Rob},
  journal={arXiv preprint arXiv:1312.6199},
  year={2013}
}

@article{goodfellow2014explaining,
  title={Explaining and harnessing adversarial examples},
  author={Goodfellow, Ian J and Shlens, Jonathon and Szegedy, Christian},
  journal={arXiv preprint arXiv:1412.6572},
  year={2014}
}

@article{kheradpisheh2016humans,
  title={Humans and deep networks largely agree on which kinds of variation make object recognition harder},
  author={Kheradpisheh, Saeed R and Ghodrati, Masoud and Ganjtabesh, Mohammad and Masquelier, Timoth{\'e}e},
  journal={Frontiers in computational neuroscience},
  volume={10},
  pages={92},
  year={2016},
  publisher={Frontiers}
}

@misc{ramachandran1985neurobiology,
  title={The neurobiology of perception},
  author={Ramachandran, VS},
  year={1985},
  publisher={SAGE Publications Sage UK: London, England}
}

@article{thorpe1996speed,
  title={Speed of processing in the human visual system},
  author={Thorpe, Simon and Fize, Denis and Marlot, Catherine},
  journal={nature},
  volume={381},
  number={6582},
  pages={520--522},
  year={1996},
  publisher={Nature Publishing Group}
}

@article{smith2018developing,
  title={The developing infant creates a curriculum for statistical learning},
  author={Smith, Linda B and Jayaraman, Swapnaa and Clerkin, Elizabeth and Yu, Chen},
  journal={Trends in cognitive sciences},
  volume={22},
  number={4},
  pages={325--336},
  year={2018},
  publisher={Elsevier}
}


@article{james2014some,
  title={Some views are better than others: Evidence for a visual bias in object views self-generated by toddlers},
  author={James, Karin H and Jones, Susan S and Swain, Shelley and Pereira, Alfredo and Smith, Linda B},
  journal={Developmental Science},
  volume={17},
  number={3},
  pages={338--351},
  year={2014},
  publisher={Wiley Online Library}
}

@article{james2014young,
  title={Young children's self-generated object views and object recognition},
  author={James, Karin H and Jones, Susan S and Smith, Linda B and Swain, Shelley N},
  journal={Journal of Cognition and Development},
  volume={15},
  number={3},
  pages={393--401},
  year={2014},
  publisher={Taylor \& Francis}
}

@article{jayaraman2015faces,
  title={The faces in infant-perspective scenes change over the first year of life},
  author={Jayaraman, Swapnaa and Fausey, Caitlin M and Smith, Linda B},
  journal={PloS one},
  volume={10},
  number={5},
  year={2015},
  publisher={Public Library of Science}
}

@inproceedings{bengio2009curriculum,
  title={Curriculum learning},
  author={Bengio, Yoshua and Louradour, J{\'e}r{\^o}me and Collobert, Ronan and Weston, Jason},
  booktitle={Proceedings of the 26th annual international conference on machine learning},
  pages={41--48},
  year={2009}
}

@article{krueger2009flexible,
  title={Flexible shaping: How learning in small steps helps},
  author={Krueger, Kai A and Dayan, Peter},
  journal={Cognition},
  volume={110},
  number={3},
  pages={380--394},
  year={2009},
  publisher={Elsevier}
}

@inproceedings{bambach2018toddler,
  title={Toddler-inspired visual object learning},
  author={Bambach, Sven and Crandall, David and Smith, Linda and Yu, Chen},
  booktitle={Advances in neural information processing systems},
  pages={1201--1210},
  year={2018}
}

@article{silver2016mastering,
  title={Mastering the game of Go with deep neural networks and tree search},
  author={Silver, David and Huang, Aja and Maddison, Chris J and Guez, Arthur and Sifre, Laurent and Van Den Driessche, George and Schrittwieser, Julian and Antonoglou, Ioannis and Panneershelvam, Veda and Lanctot, Marc and others},
  journal={nature},
  volume={529},
  number={7587},
  pages={484},
  year={2016},
  publisher={Nature Publishing Group}
}

@article{mnih2015human,
  title={Human-level control through deep reinforcement learning},
  author={Mnih, Volodymyr and Kavukcuoglu, Koray and Silver, David and Rusu, Andrei A and Veness, Joel and Bellemare, Marc G and Graves, Alex and Riedmiller, Martin and Fidjeland, Andreas K and Ostrovski, Georg and others},
  journal={Nature},
  volume={518},
  number={7540},
  pages={529--533},
  year={2015},
  publisher={Nature Publishing Group}
}

@article{lake2017building,
  title={Building machines that learn and think like people},
  author={Lake, Brenden M and Ullman, Tomer D and Tenenbaum, Joshua B and Gershman, Samuel J},
  journal={Behavioral and brain sciences},
  volume={40},
  year={2017},
  publisher={Cambridge University Press}
}

@article{jing2020self,
  title={Self-supervised visual feature learning with deep neural networks: A survey},
  author={Jing, Longlong and Tian, Yingli},
  journal={IEEE Transactions on Pattern Analysis and Machine Intelligence},
  year={2020},
  publisher={IEEE}
}

@inproceedings{doersch2017multi,
  title={Multi-task self-supervised visual learning},
  author={Doersch, Carl and Zisserman, Andrew},
  booktitle={Proceedings of the IEEE International Conference on Computer Vision},
  pages={2051--2060},
  year={2017}
}

@inproceedings{zhang2016colorful,
  title={Colorful image colorization},
  author={Zhang, Richard and Isola, Phillip and Efros, Alexei A},
  booktitle={European conference on computer vision},
  pages={649--666},
  year={2016},
  organization={Springer}
}

@inproceedings{noroozi2016unsupervised,
  title={Unsupervised learning of visual representations by solving jigsaw puzzles},
  author={Noroozi, Mehdi and Favaro, Paolo},
  booktitle={European Conference on Computer Vision},
  pages={69--84},
  year={2016},
  organization={Springer}
}

@article{dumoulin2016guide,
  title={A guide to convolution arithmetic for deep learning},
  author={Dumoulin, Vincent and Visin, Francesco},
  journal={arXiv preprint arXiv:1603.07285},
  year={2016}
}


@inproceedings{mnih2014recurrent,
  title={Recurrent models of visual attention},
  author={Mnih, Volodymyr and Heess, Nicolas and Graves, Alex and others},
  booktitle={Advances in neural information processing systems},
  pages={2204--2212},
  year={2014}
}

@article{lecun2010mnist,
  title={MNIST handwritten digit database},
  author={LeCun, Yann and Cortes, Corinna and Burges, CJ},
  journal={ATT Labs [Online]. Available: http://yann.lecun.com/exdb/mnist},
  volume={2},
  year={2010}
}

@inproceedings{yue2015beyond,
  title={Beyond short snippets: Deep networks for video classification},
  author={Yue-Hei Ng, Joe and Hausknecht, Matthew and Vijayanarasimhan, Sudheendra and Vinyals, Oriol and Monga, Rajat and Toderici, George},
  booktitle={Proceedings of the IEEE conference on computer vision and pattern recognition},
  pages={4694--4702},
  year={2015}
}

@inproceedings{xu2016recurrent,
  title={Recurrent convolutional neural network for video classification},
  author={Xu, Zhenqi and Hu, Jiani and Deng, Weihong},
  booktitle={2016 IEEE International Conference on Multimedia and Expo (ICME)},
  pages={1--6},
  year={2016},
  organization={IEEE}
}

@article{roskies1999binding,
  title={The binding problem},
  author={Roskies, Adina L},
  journal={Neuron},
  volume={24},
  number={1},
  pages={7--9},
  year={1999},
  publisher={Elsevier}
}

@inproceedings{hinton2011transforming,
  title={Transforming auto-encoders},
  author={Hinton, Geoffrey E and Krizhevsky, Alex and Wang, Sida D},
  booktitle={International conference on artificial neural networks},
  pages={44--51},
  year={2011},
  organization={Springer}
}

@inproceedings{sabour2017dynamic,
  title={Dynamic routing between capsules},
  author={Sabour, Sara and Frosst, Nicholas and Hinton, Geoffrey E},
  booktitle={Advances in neural information processing systems},
  pages={3856--3866},
  year={2017}
}

@article{pylyshyn1973mind,
  title={What the mind's eye tells the mind's brain: A critique of mental imagery.},
  author={Pylyshyn, Zenon W},
  journal={Psychological bulletin},
  volume={80},
  number={1},
  pages={1},
  year={1973},
  publisher={American Psychological Association}
}

@article{hummel1992dynamic,
  title={Dynamic binding in a neural network for shape recognition.},
  author={Hummel, John E and Biederman, Irving},
  journal={Psychological review},
  volume={99},
  number={3},
  pages={480},
  year={1992},
  publisher={American Psychological Association}
}

@book{danks2014unifying,
  title={Unifying the mind: Cognitive representations as graphical models},
  author={Danks, David},
  year={2014},
  publisher={Mit Press}
}

@article{vitevitch2008can,
  title={What can graph theory tell us about word learning and lexical retrieval?},
  author={Vitevitch, Michael S},
  journal={Journal of Speech, Language, and Hearing Research},
  year={2008},
  publisher={ASHA}
}

@article{quillian1967word,
  title={Word concepts: A theory and simulation of some basic semantic capabilities},
  author={Quillian, M Ross},
  journal={Behavioral science},
  volume={12},
  number={5},
  pages={410--430},
  year={1967},
  publisher={Wiley Online Library}
}


@article{collins1975spreading,
  title={A spreading-activation theory of semantic processing.},
  author={Collins, Allan M and Loftus, Elizabeth F},
  journal={Psychological review},
  volume={82},
  number={6},
  pages={407},
  year={1975},
  publisher={American Psychological Association}
}

@article{gentner1983structure,
  title={Structure-mapping: A theoretical framework for analogy},
  author={Gentner, Dedre},
  journal={Cognitive science},
  volume={7},
  number={2},
  pages={155--170},
  year={1983},
  publisher={Elsevier}
}

@inproceedings{hummel2004solution,
  title={A solution to the binding problem for compositional connectionism},
  author={Hummel, John E and Holyoak, Keith J and Green, Collin and Doumas, Leonidas AA and Devnich, Derek and Kittur, Aniket and Kalar, Donald J},
  booktitle={Compositional connectionism in cognitive science: Papers from the AAAI Fall Symposium, ed. SD Levy \& R. Gayler},
  pages={31--34},
  year={2004}
}

@article{kingma2013auto,
  title={Auto-encoding variational bayes},
  author={Kingma, Diederik P and Welling, Max},
  journal={arXiv preprint arXiv:1312.6114},
  year={2013}
}

@article{goldstone1998reuniting,
  title={Reuniting perception and conception},
  author={Goldstone, Robert L and Barsalou, Lawrence W},
  journal={Cognition},
  volume={65},
  number={2-3},
  pages={231--262},
  year={1998},
  publisher={Elsevier}
}

@inproceedings{he2015delving,
  title={Delving deep into rectifiers: Surpassing human-level performance on imagenet classification},
  author={He, Kaiming and Zhang, Xiangyu and Ren, Shaoqing and Sun, Jian},
  booktitle={Proceedings of the IEEE international conference on computer vision},
  pages={1026--1034},
  year={2015}
}

@article{lecun1995convolutional,
  title={Convolutional networks for images, speech, and time series},
  author={LeCun, Yann and Bengio, Yoshua and others},
  journal={The handbook of brain theory and neural networks},
  volume={3361},
  number={10},
  pages={1995},
  year={1995}
}

@article{hochreiter1997long,
  title={Long short-term memory},
  author={Hochreiter, Sepp and Schmidhuber, Jürgen},
  journal={Neural computation},
  volume={9},
  number={8},
  pages={1735--1780},
  year={1997},
  publisher={MIT Press}
}

@article{mnih2013playing,
  title={Playing atari with deep reinforcement learning},
  author={Mnih, Volodymyr and Kavukcuoglu, Koray and Silver, David and Graves, Alex and Antonoglou, Ioannis and Wierstra, Daan and Riedmiller, Martin},
  journal={arXiv preprint arXiv:1312.5602},
  year={2013}
}

@inproceedings{jarrett2009best,
  title={What is the best multi-stage architecture for object recognition?},
  author={Jarrett, Kevin and Kavukcuoglu, Koray and Ranzato, Marc'Aurelio and LeCun, Yann},
  booktitle={2009 IEEE 12th international conference on computer vision},
  pages={2146--2153},
  year={2009},
  organization={IEEE}
}

@article{storrs2019deep,
  title={Deep learning for cognitive neuroscience},
  author={Storrs, Katherine R and Kriegeskorte, Nikolaus},
  journal={arXiv preprint arXiv:1903.01458},
  year={2019}
}

@incollection{jordan1990attractor,
  title={Attractor dynamics and parallelism in a connectionist sequential machine},
  author={Jordan, Michael I},
  booktitle={Artificial neural networks: concept learning},
  pages={112--127},
  year={1990}
}

@article{hadley1997strong,
  title={Strong semantic systematicity from Hebbian connectionist learning},
  author={Hadley, Robert F and Hayward, Michael B},
  journal={Minds and Machines},
  volume={7},
  number={1},
  pages={1--37},
  year={1997},
  publisher={Springer}
}

@article{tsodyks1989associative,
  title={Associative memory in neural networks with the hebbian learning rule},
  author={Tsodyks, MV},
  journal={Modern Physics Letters B},
  volume={3},
  number={07},
  pages={555--560},
  year={1989},
  publisher={World Scientific}
}

@article{stanley2002evolving,
  title={Evolving neural networks through augmenting topologies},
  author={Stanley, Kenneth O and Miikkulainen, Risto},
  journal={Evolutionary computation},
  volume={10},
  number={2},
  pages={99--127},
  year={2002},
  publisher={MIT Press}
}

@article{kelley1960gradient,
  title={Gradient theory of optimal flight paths},
  author={Kelley, Henry J},
  journal={Ars Journal},
  volume={30},
  number={10},
  pages={947--954},
  year={1960}
}

@article{linnainmaa1976taylor,
  title={Taylor expansion of the accumulated rounding error},
  author={Linnainmaa, Seppo},
  journal={BIT Numerical Mathematics},
  volume={16},
  number={2},
  pages={146--160},
  year={1976},
  publisher={Springer}
}


@article{rumelhart1986learning,
  title={Learning representations by back-propagating errors},
  author={Rumelhart, David E and Hinton, Geoffrey E and Williams, Ronald J},
  journal={nature},
  volume={323},
  number={6088},
  pages={533--536},
  year={1986},
  publisher={Nature Publishing Group}
}

@article{lecun1985procedure,
  title={Une procedure d'apprentissage ponr reseau a seuil asymetrique},
  author={LeCun, Yann},
  journal={Proceedings of Cognitiva 85},
  pages={599--604},
  year={1985}
}

@article{crick1989recent,
  title={The recent excitement about neural networks},
  author={Crick, Francis},
  journal={Nature},
  volume={337},
  number={6203},
  pages={129--132},
  year={1989},
  publisher={Springer}
}

@article{lillicrap2020backpropagation,
  title={Backpropagation and the brain},
  author={Lillicrap, Timothy P and Santoro, Adam and Marris, Luke and Akerman, Colin J and Hinton, Geoffrey},
  journal={Nature Reviews Neuroscience},
  pages={1--12},
  year={2020},
  publisher={Nature Publishing Group}
}

@inproceedings{bergstra2011algorithms,
  title={Algorithms for hyper-parameter optimization},
  author={Bergstra, James S and Bardenet, R{\'e}mi and Bengio, Yoshua and K{\'e}gl, Bal{\'a}zs},
  booktitle={Advances in neural information processing systems},
  pages={2546--2554},
  year={2011}
}

@inproceedings{young2015optimizing,
  title={Optimizing deep learning hyper-parameters through an evolutionary algorithm},
  author={Young, Steven R and Rose, Derek C and Karnowski, Thomas P and Lim, Seung-Hwan and Patton, Robert M},
  booktitle={Proceedings of the Workshop on Machine Learning in High-Performance Computing Environments},
  pages={1--5},
  year={2015}
}

@article{nosofsky1994comparing,
  title={Comparing modes of rule-based classification learning: A replication and extension of Shepard, Hovland, and Jenkins (1961)},
  author={Nosofsky, Robert M and Gluck, Mark A and Palmeri, Thomas J and McKinley, Stephen C and Glauthier, Paul},
  journal={Memory \& cognition},
  volume={22},
  number={3},
  pages={352--369},
  year={1994},
  publisher={Springer}
}

@article{anderson1991adaptive,
  title={The adaptive nature of human categorization.},
  author={Anderson, John R},
  journal={Psychological review},
  volume={98},
  number={3},
  pages={409},
  year={1991},
  publisher={American Psychological Association}
}

@article{falkenhainer1989structure,
  title={The structure-mapping engine: Algorithm and examples},
  author={Falkenhainer, Brian and Forbus, Kenneth D and Gentner, Dedre},
  journal={Artificial intelligence},
  volume={41},
  number={1},
  pages={1--63},
  year={1989}
}

@inproceedings{hummel1996lisa,
  title={LISA: A computational model of analogical inference and schema induction},
  author={Hummel, John E and Holyoak, Keith J},
  booktitle={Proceedings of the eighteenth annual conference of the cognitive science society},
  pages={352--357},
  year={1996},
  organization={Lawrence Erlbaum Associates Hillsdale, NJ}
}

@article{chalmers1992high,
  title={High-level perception, representation, and analogy: A critique of artificial intelligence methodology},
  author={Chalmers, David J and French, Robert M and Hofstadter, Douglas R},
  journal={Journal of Experimental \& Theoretical Artificial Intelligence},
  volume={4},
  number={3},
  pages={185--211},
  year={1992},
  publisher={Taylor \& Francis}
}

@book{rogers2004semantic,
  title={Semantic cognition: A parallel distributed processing approach},
  author={Rogers, Timothy T and McClelland, James L},
  year={2004},
  publisher={MIT press}
}

@article{gluck1988conditioning,
  title={From conditioning to category learning: An adaptive network model.},
  author={Gluck, Mark A and Bower, Gordon H},
  journal={Journal of Experimental Psychology: General},
  volume={117},
  number={3},
  pages={227},
  year={1988},
  publisher={American Psychological Association}
}

@article{kurtz2007divergent,
  title={The divergent autoencoder (DIVA) model of category learning},
  author={Kurtz, Kenneth J},
  journal={Psychonomic Bulletin \& Review},
  volume={14},
  number={4},
  pages={560--576},
  year={2007},
  publisher={Springer}
}

@article{hubel1959receptive,
  title={Receptive fields of single neurones in the cat's striate cortex},
  author={Hubel, David H and Wiesel, Torsten N},
  journal={The Journal of physiology},
  volume={148},
  number={3},
  pages={574--591},
  year={1959},
  publisher={Wiley Online Library}
}

@article{springenberg2014striving,
  title={Striving for simplicity: The all convolutional net},
  author={Springenberg, Jost Tobias and Dosovitskiy, Alexey and Brox, Thomas and Riedmiller, Martin},
  journal={arXiv preprint arXiv:1412.6806},
  year={2014}
}


@article{lin2013network,
  title={Network in network},
  author={Lin, Min and Chen, Qiang and Yan, Shuicheng},
  journal={arXiv preprint arXiv:1312.4400},
  year={2013}
}

@article{poggio2013models,
  title={Models of visual cortex},
  author={Poggio, Tomaso and Serre, Thomas},
  journal={Scholarpedia},
  volume={8},
  number={4},
  pages={3516},
  year={2013}
}

@article{spillmann1987comparison,
  title={A comparison of perceptive and receptive fields in man and monkey.},
  author={Spillmann, L and Ransom-Hogg, A and Oehler, R},
  journal={Human neurobiology},
  year={1987},
  publisher={Springer-Verlag}
}

@ARTICLE{Alonso2009,
  AUTHOR = {Alonso, J.  and Chen, Y. },
  TITLE   = {{R}eceptive field},
  YEAR    = {2009},
  JOURNAL = {Scholarpedia},
  VOLUME  = {4},
  NUMBER  = {1},
  PAGES   = {5393},
  DOI     = {10.4249/scholarpedia.5393},
  NOTE    = {revision \#136681}
}

@article{eickenberg2017seeing,
  title={Seeing it all: Convolutional network layers map the function of the human visual system},
  author={Eickenberg, Michael and Gramfort, Alexandre and Varoquaux, Ga{\"e}l and Thirion, Bertrand},
  journal={NeuroImage},
  volume={152},
  pages={184--194},
  year={2017},
  publisher={Elsevier}
}

@article{biederman1993recognizing,
  title={Recognizing depth-rotated objects: evidence and conditions for three-dimensional viewpoint invariance.},
  author={Biederman, Irving and Gerhardstein, Peter C},
  journal={Journal of Experimental Psychology: Human perception and performance},
  volume={19},
  number={6},
  pages={1162},
  year={1993},
  publisher={American Psychological Association}
}

@article{poggio1990network,
  title={A network that learns to recognize three-dimensional objects},
  author={Poggio, Tomaso and Edelman, Shimon},
  journal={Nature},
  volume={343},
  number={6255},
  pages={263},
  year={1990},
  publisher={Nature Publishing Group}
}

@article{ullman1989aligning,
  title={Aligning pictorial descriptions: An approach to object recognition},
  author={Ullman, Shimon},
  journal={Cognition},
  volume={32},
  number={3},
  pages={193--254},
  year={1989},
  publisher={Elsevier}
}

@article{riesenhuber1999hierarchical,
  title={Hierarchical models of object recognition in cortex},
  author={Riesenhuber, Maximilian and Poggio, Tomaso},
  journal={Nature neuroscience},
  volume={2},
  number={11},
  pages={1019--1025},
  year={1999},
  publisher={Nature Publishing Group}
}

@incollection{feldman2013integrated,
  title={An integrated Bayesian approach to shape representation and perceptual organization},
  author={Feldman, Jacob and Singh, Manish and Briscoe, Erica and Froyen, Vicky and Kim, Seha and Wilder, John},
  booktitle={Shape perception in human and computer vision},
  pages={55--70},
  year={2013},
  publisher={Springer}
}

@inproceedings{baker2018contour,
  title={Deep Convolutional Networks do not Perceive Illusory Contours.},
  author={Baker, Nicholas and Erlikhman, Gennady and Kellman, Philip J and Lu, Hongjing},
  booktitle={CogSci},
  year={2018}
}

@inproceedings{yang2016object,
  title={Object contour detection with a fully convolutional encoder-decoder network},
  author={Yang, Jimei and Price, Brian and Cohen, Scott and Lee, Honglak and Yang, Ming-Hsuan},
  booktitle={Proceedings of the IEEE conference on computer vision and pattern recognition},
  pages={193--202},
  year={2016}
}

@article{ungerleider2008and,
  title={What and where pathways},
  author={Ungerleider, Leslie G and Pessoa, Luiz},
  journal={Scholarpedia},
  volume={3},
  number={11},
  pages={5342},
  year={2008}
}

@article{serre2007feedforward,
  title={A feedforward architecture accounts for rapid categorization},
  author={Serre, Thomas and Oliva, Aude and Poggio, Tomaso},
  journal={Proceedings of the national academy of sciences},
  volume={104},
  number={15},
  pages={6424--6429},
  year={2007},
  publisher={National Acad Sciences}
}

@article{rousselet2005long,
  title={How long to get to the “gist” of real-world natural scenes?},
  author={Rousselet, Guillaume and Joubert, Olivier and Fabre-Thorpe, Mich{\`e}le},
  journal={Visual Cognition},
  volume={12},
  number={6},
  pages={852--877},
  year={2005},
  publisher={Taylor \& Francis}
}

@article{loschky2010natural,
  title={The natural/man-made distinction is made before basic-level distinctions in scene gist processing},
  author={Loschky, Lester C and Larson, Adam M},
  journal={Visual Cognition},
  volume={18},
  number={4},
  pages={513--536},
  year={2010},
  publisher={Taylor \& Francis}
}


@article{krizhevsky2009learning,
  title={Learning multiple layers of features from tiny images},
  author={Krizhevsky, Alex and Hinton, Geoffrey and others},
  year={2009},
  publisher={Citeseer}
}

@article{schmidhuber1991learning,
  title={Learning to generate artificial fovea trajectories for target detection},
  author={Schmidhuber, Jürgen and Huber, Rudolf},
  journal={International Journal of Neural Systems},
  volume={2},
  number={01n02},
  pages={125--134},
  year={1991},
  publisher={World Scientific}
}

@inproceedings{stollenga2014deep,
  title={Deep networks with internal selective attention through feedback connections},
  author={Stollenga, Marijn F and Masci, Jonathan and Gomez, Faustino and Schmidhuber, Jürgen},
  booktitle={Advances in neural information processing systems},
  pages={3545--3553},
  year={2014}
}

@article{grossberg2013adaptive,
  title={Adaptive resonance theory},
  author={Grossberg, Stephen},
  journal={Scholarpedia},
  volume={8},
  number={5},
  pages={1569},
  year={2013}
}

@inproceedings{yildirim2015efficient,
  title={Efficient and robust analysis-by-synthesis in vision: A computational framework, behavioral tests, and modeling neuronal representations},
  author={Yildirim, Ilker and Kulkarni, Tejas D and Freiwald, Winrich A and Tenenbaum, Joshua B},
  booktitle={Annual conference of the cognitive science society},
  volume={1},
  number={2},
  year={2015}
}


