@article{busemeyer1997learning,
  title={Learning functional relations based on experience with input-output pairs by humans and artificial neural networks.},
  author={Busemeyer, Jerome R and Byun, Eunhee and Delosh, Edward L and McDaniel, Mark A},
  year={1997},
  publisher={The MIT Press}
}

@article{lucas2015rational,
  title={A rational model of function learning},
  author={Lucas, Christopher G and Griffiths, Thomas L and Williams, Joseph J and Kalish, Michael L},
  journal={Psychonomic bulletin \& review},
  volume={22},
  number={5},
  pages={1193--1215},
  year={2015},
  publisher={Springer}
}

@article{ebersbach2007children,
  title={Children's intuitive mathematics: The development of knowledge about nonlinear growth},
  author={Ebersbach, Mirjam and Wilkening, Friedrich},
  journal={Child development},
  volume={78},
  number={1},
  pages={296--308},
  year={2007},
  publisher={Wiley Online Library}
}

@article{ebersbach2008understanding,
  title={Understanding linear and exponential growth: Searching for the roots in 6-to 9-year-olds},
  author={Ebersbach, Mirjam and Van Dooren, Wim and Van den Noortgate, Wim and Resing, Wilma CM},
  journal={Cognitive Development},
  volume={23},
  number={2},
  pages={237--257},
  year={2008},
  publisher={Elsevier}
}

@article{delosh1997extrapolation,
  title={Extrapolation: the sine qua non for abstraction in function learning.},
  author={DeLosh, Edward L and Busemeyer, Jerome R and McDaniel, Mark A},
  journal={Journal of Experimental Psychology: Learning, Memory, and Cognition},
  volume={23},
  number={4},
  pages={968},
  year={1997},
  publisher={American Psychological Association}
}

@article{kalish2004population,
  title={Population of linear experts: knowledge partitioning and function learning.},
  author={Kalish, Michael L and Lewandowsky, Stephan and Kruschke, John K},
  journal={Psychological review},
  volume={111},
  number={4},
  pages={1072},
  year={2004},
  publisher={American Psychological Association}
}

@article{carroll1963functional,
  title={Functional learning: The learning of continuous functional mappings relating stimulus and response continua},
  author={Carroll, J Douglas},
  journal={ETS Research Bulletin Series},
  volume={1963},
  number={2},
  pages={i--144},
  year={1963},
  publisher={Wiley Online Library}
}

@article{brehmer1974hypotheses,
  title={Hypotheses about relations between scaled variables in the learning of probabilistic inference tasks},
  author={Brehmer, Berndt},
  journal={Organizational Behavior and Human Performance},
  volume={11},
  number={1},
  pages={1--27},
  year={1974},
  publisher={Elsevier}
}

@phdthesis{byun1996interaction,
  title={Interaction between prior knowledge and type of nonlinear relationship on function learning.},
  author={Byun, Eunhee},
  year={1996},
  school={ProQuest Information \& Learning}
}

@article{koh1991function,
  title={Function learning: Induction of continuous stimulus-response relations.},
  author={Koh, Kyunghee and Meyer, David E},
  journal={Journal of Experimental Psychology: Learning, Memory, and Cognition},
  volume={17},
  number={5},
  pages={811},
  year={1991},
  publisher={American Psychological Association}
}

@article{kruschke1992alcove,
  title={ALCOVE: an exemplar-based connectionist model of category learning.},
  author={Kruschke, John K},
  journal={Psychological review},
  volume={99},
  number={1},
  pages={22},
  year={1992},
  publisher={American Psychological Association}
}

@article{gluck1988conditioning,
  title={From conditioning to category learning: An adaptive network model.},
  author={Gluck, Mark A and Bower, Gordon H},
  journal={Journal of Experimental Psychology: General},
  volume={117},
  number={3},
  pages={227},
  year={1988},
  publisher={American Psychological Association}
}

@article{kurtz2007divergent,
  title={The divergent autoencoder (DIVA) model of category learning},
  author={Kurtz, Kenneth J},
  journal={Psychonomic Bulletin \& Review},
  volume={14},
  number={4},
  pages={560--576},
  year={2007},
  publisher={Springer}
}

@article{sawyer1990effects,
  title={Effects of risk and ambiguity on judgments of contingency relations and behavioral resource allocation decisions},
  author={Sawyer, John E},
  journal={Organizational Behavior and Human Decision Processes},
  volume={45},
  number={1},
  pages={85--110},
  year={1990},
  publisher={Elsevier}
}

@article{summers1969judgments,
  title={Judgments based on different functional relationships between interacting cues and a criterion},
  author={Summers, Stanley A and Summers, Rita C and Karkau, Virginia T},
  journal={The American Journal of Psychology},
  volume={82},
  number={2},
  pages={203--211},
  year={1969},
  publisher={JSTOR}
}

@article{naylor1968intuitive,
  title={Intuitive inference strategies in interval learning tasks as a function of validity magnitude and sign},
  author={Naylor, James C and Clark, Roger D},
  journal={Organizational Behavior and Human Performance},
  volume={3},
  number={4},
  pages={378--399},
  year={1968},
  publisher={Elsevier}
}

@article{delosh1995hypothesis,
  title={Hypothesis testing in the learning of functional concepts},
  author={DeLosh, Edward L},
  journal={Unpublished master’s thesis, Purdue University, West Lafayette, IN},
  year={1995}
}

@article{koele1980influence,
  title={The influence of labeled stimuli on nonlinear multiple-cue probability learning},
  author={Koele, Pieter},
  journal={Organizational Behavior and Human Performance},
  volume={26},
  number={1},
  pages={22--31},
  year={1980},
  publisher={Elsevier}
}

@article{miller1971labels,
  title={Do labels mislead? A multiple cue study, within the framework of Brunswik's probabilistic functionalism},
  author={Miller, Patrick McC},
  journal={Organizational Behavior and Human Performance},
  volume={6},
  number={4},
  pages={480--500},
  year={1971},
  publisher={Elsevier}
}

@article{muchinsky1975human,
  title={Human inference behavior in abstract and meaningful environments},
  author={Muchinsky, Paul M and Dudycha, Arthur L},
  journal={Organizational Behavior and Human Performance},
  volume={13},
  number={3},
  pages={377--391},
  year={1975},
  publisher={Elsevier}
}

@article{muchinsky1974influence,
  title={The influence of a suppressor variable and labeled stimuli on multiple cue probability learning},
  author={Muchinsky, Paul M and Dudycha, Arthur L},
  journal={Organizational Behavior and Human Performance},
  volume={12},
  number={3},
  pages={429--444},
  year={1974},
  publisher={Elsevier}
}

@article{sniezek1986role,
  title={The role of variable labels in cue probability learning tasks},
  author={Sniezek, Janet A},
  journal={Organizational Behavior and Human Decision Processes},
  volume={38},
  number={2},
  pages={141--161},
  year={1986},
  publisher={Elsevier}
}

@article{adelman1981influence,
  title={The influence of formal, substantive, and contextual task properties on the relative effectiveness of different forms of feedback in multiple-cue probability learning tasks},
  author={Adelman, Leonard},
  journal={Organizational Behavior and Human Performance},
  volume={27},
  number={3},
  pages={423--442},
  year={1981},
  publisher={Elsevier}
}

@article{bott2004nonmonotonic,
  title={Nonmonotonic extrapolation in function learning.},
  author={Bott, Lewis and Heit, Evan},
  journal={Journal of Experimental Psychology: Learning, Memory, and Cognition},
  volume={30},
  number={1},
  pages={38},
  year={2004},
  publisher={American Psychological Association}
}

@article{sniezek1978cue,
  title={Cue measurement scale and functional hypothesis testing in cue probability learning},
  author={Sniezek, Janet A and Naylor, James C},
  journal={Organizational Behavior and Human Performance},
  volume={22},
  number={3},
  pages={366--374},
  year={1978},
  publisher={Elsevier}
}

@article{ashby2005human,
  title={Human category learning},
  author={Ashby, F Gregory and Maddox, W Todd},
  journal={Annu. Rev. Psychol.},
  volume={56},
  pages={149--178},
  year={2005},
  publisher={Annual Reviews}
}

@article{koh1993induction,
  title={Induction of combination rules in two-dimensional function learning},
  author={Koh, Kyunghee},
  journal={Memory \& cognition},
  volume={21},
  number={5},
  pages={573--590},
  year={1993},
  publisher={Springer}
}

@article{mcdaniel2009predicting,
  title={Predicting transfer performance: A comparison of competing function learning models.},
  author={McDaniel, Mark A and Dimperio, Eric and Griego, Jacqueline A and Busemeyer, Jerome R},
  journal={Journal of Experimental Psychology: Learning, Memory, and Cognition},
  volume={35},
  number={1},
  pages={173},
  year={2009},
  publisher={American Psychological Association}
}

@article{lewandowsky2000knowledge,
  title={Knowledge partitioning: Context-dependent use of expertise},
  author={Lewandowsky, Stephan and Kirsner, Kim},
  journal={Memory \& cognition},
  volume={28},
  number={2},
  pages={295--305},
  year={2000},
  publisher={Springer}
}

@article{yang2003context,
  title={Context-gated knowledge partitioning in categorization.},
  author={Yang, Lee-Xieng and Lewandowsky, Stephan},
  journal={Journal of Experimental Psychology: Learning, Memory, and Cognition},
  volume={29},
  number={4},
  pages={663},
  year={2003},
  publisher={American Psychological Association}
}

@article{jacobs1991adaptive,
  title={Adaptive mixtures of local experts},
  author={Jacobs, Robert A and Jordan, Michael I and Nowlan, Steven J and Hinton, Geoffrey E},
  journal={Neural computation},
  volume={3},
  number={1},
  pages={79--87},
  year={1991},
  publisher={MIT Press}
}

@article{erickson1998rules,
  title={Rules and exemplars in category learning.},
  author={Erickson, Michael A and Kruschke, John K},
  journal={Journal of Experimental Psychology: General},
  volume={127},
  number={2},
  pages={107},
  year={1998},
  publisher={American Psychological Association}
}

@article{lewandowsky2002simplified,
  title={Simplified learning in complex situations: Knowledge partitioning in function learning.},
  author={Lewandowsky, Stephan and Kalish, Michael and Ngang, SK},
  journal={Journal of Experimental Psychology: General},
  volume={131},
  number={2},
  pages={163},
  year={2002},
  publisher={American Psychological Association}
}

@article{mcdaniel2014individual,
  title={Individual differences in learning and transfer: Stable tendencies for learning exemplars versus abstracting rules.},
  author={McDaniel, Mark A and Cahill, Michael J and Robbins, Mathew and Wiener, Chelsea},
  journal={Journal of Experimental Psychology: General},
  volume={143},
  number={2},
  pages={668},
  year={2014},
  publisher={American Psychological Association}
}

@article{love2004sustain,
  title={SUSTAIN: a network model of category learning.},
  author={Love, Bradley C and Medin, Douglas L and Gureckis, Todd M},
  journal={Psychological review},
  volume={111},
  number={2},
  pages={309},
  year={2004},
  publisher={American Psychological Association}
}

@article{waldron2001effects,
  title={The effects of concurrent task interference on category learning: Evidence for multiple category learning systems},
  author={Waldron, Elliott M and Ashby, F Gregory},
  journal={Psychonomic bulletin \& review},
  volume={8},
  number={1},
  pages={168--176},
  year={2001},
  publisher={Springer}
}

@article{narain2014structure,
  title={Structure learning and the Occam's razor principle: a new view of human function acquisition},
  author={Narain, Devika and Smeets, Jeroen BJ and Mamassian, Pascal and Brenner, Eli and van Beers, Robert J},
  journal={Frontiers in Computational Neuroscience},
  volume={8},
  pages={121},
  year={2014},
  publisher={Frontiers}
}

@article{wu2020inference,
  title={Inference and search on graph-structured spaces},
  author={Wu, Charley M and Schulz, Eric and Gershman, Samuel J},
  journal={bioRxiv},
  year={2020},
  publisher={Cold Spring Harbor Laboratory}
}

@article{rosenbaum2001acquisition,
  title={Acquisition of intellectual and perceptual-motor skills},
  author={Rosenbaum, David A and Carlson, Richard A and Gilmore, Rick O},
  journal={Annual review of psychology},
  volume={52},
  number={1},
  pages={453--470},
  year={2001},
  publisher={Annual Reviews 4139 El Camino Way, PO Box 10139, Palo Alto, CA 94303-0139, USA}
}

% v-- category learning
@incollection{kurtz2015human,
  title={Human category learning: Toward a broader explanatory account},
  author={Kurtz, Kenneth J},
  booktitle={Psychology of learning and motivation},
  volume={63},
  pages={77--114},
  year={2015},
  publisher={Elsevier}
}

@article{kurtz2013human,
  title={Human learning of elemental category structures: Revising the classic result of Shepard, Hovland, and Jenkins (1961).},
  author={Kurtz, Kenneth J and Levering, Kimery R and Stanton, Roger D and Romero, Joshua and Morris, Steven N},
  journal={Journal of Experimental Psychology: Learning, Memory, and Cognition},
  volume={39},
  number={2},
  pages={552},
  year={2013},
  publisher={American Psychological Association}
}
@article{levering2015observation,
  title={Observation versus classification in supervised category learning},
  author={Levering, Kimery R and Kurtz, Kenneth J},
  journal={Memory \& cognition},
  volume={43},
  number={2},
  pages={266--282},
  year={2015},
  publisher={Springer}
}

@article{kurtz1953effect,
  title={The effect of verbalization during observation of stimulus objects upon accuracy of recognition and recall.},
  author={Kurtz, Kenneth H and Hovland, Carl I},
  journal={Journal of Experimental Psychology},
  volume={45},
  number={3},
  pages={157},
  year={1953},
  publisher={American Psychological Association}
}

@article{kornell2008learning,
  title={Learning concepts and categories: Is spacing the “enemy of induction”?},
  author={Kornell, Nate and Bjork, Robert A},
  journal={Psychological science},
  volume={19},
  number={6},
  pages={585--592},
  year={2008},
  publisher={SAGE Publications Sage CA: Los Angeles, CA}
}

@article{kruschke1993human,
  title={Human category learning: Implications for backpropagation models},
  author={Kruschke, John K},
  journal={Connection Science},
  volume={5},
  number={1},
  pages={3--36},
  year={1993},
  publisher={Taylor \& Francis}
}

@article{shepard1961learning,
  title={Learning and memorization of classifications.},
  author={Shepard, Roger N and Hovland, Carl I and Jenkins, Herbert M},
  journal={Psychological monographs: General and applied},
  volume={75},
  number={13},
  pages={1},
  year={1961},
  publisher={American Psychological Association}
}

@article{nosofsky1992investigations,
  title={Investigations of an exemplar-based connectionist model of category learning},
  author={Nosofsky, Robert M and Kruschke, John K},
  journal={The psychology of learning and motivation},
  volume={28},
  pages={207--250},
  year={1992}
}

@article{ashby1988decision,
  title={Decision rules in the perception and categorization of multidimensional stimuli.},
  author={Ashby, F Gregory and Gott, Ralph E},
  journal={Journal of Experimental Psychology: Learning, Memory, and Cognition},
  volume={14},
  number={1},
  pages={33},
  year={1988},
  publisher={American Psychological Association}
}
@article{ashby1988decision,
  title={Decision rules in the perception and categorization of multidimensional stimuli.},
  author={Ashby, F Gregory and Gott, Ralph E},
  journal={Journal of Experimental Psychology: Learning, Memory, and Cognition},
  volume={14},
  number={1},
  pages={33},
  year={1988},
  publisher={American Psychological Association}
}

@article{chin2004diagnosticity,
  title={Diagnosticity and prototypicality in category learning: a comparison of inference learning and classification learning.},
  author={Chin-Parker, Seth and Ross, Brian H},
  journal={Journal of Experimental Psychology: Learning, Memory, and Cognition},
  volume={30},
  number={1},
  pages={216},
  year={2004},
  publisher={American Psychological Association}
}

@article{kattner2016transfer,
  title={Transfer in rule-based category learning depends on the training task},
  author={Kattner, Florian and Cox, Christopher R and Green, C Shawn},
  journal={PloS one},
  volume={11},
  number={10},
  year={2016},
  publisher={Public Library of Science}
}

@article{ashby2005human,
  title={Human category learning},
  author={Ashby, F Gregory and Maddox, W Todd},
  journal={Annu. Rev. Psychol.},
  volume={56},
  pages={149--178},
  year={2005},
  publisher={Annual Reviews}
}

@article{kruschke2005category,
  title={Category learning},
  author={Kruschke, John K},
  journal={The handbook of cognition},
  volume={7},
  pages={183--201},
  year={2005}
}

@article{nosofsky1994comparing,
  title={Comparing modes of rule-based classification learning: A replication and extension of Shepard, Hovland, and Jenkins (1961)},
  author={Nosofsky, Robert M and Gluck, Mark A and Palmeri, Thomas J and McKinley, Stephen C and Glauthier, Paul},
  journal={Memory \& cognition},
  volume={22},
  number={3},
  pages={352--369},
  year={1994},
  publisher={Springer}
}

@article{medin1987family,
  title={Family resemblance, conceptual cohesiveness, and category construction},
  author={Medin, Douglas L and Wattenmaker, William D and Hampson, Sarah E},
  journal={Cognitive psychology},
  volume={19},
  number={2},
  pages={242--279},
  year={1987},
  publisher={Elsevier}
}

@article{goldstone1994role,
  title={The role of similarity in categorization: Providing a groundwork},
  author={Goldstone, Robert L},
  journal={Cognition},
  volume={52},
  number={2},
  pages={125--157},
  year={1994},
  publisher={Elsevier}
}

@article{livingston1998categorical,
  title={Categorical perception effects induced by category learning.},
  author={Livingston, Kenneth R and Andrews, Janet K and Harnad, Stevan},
  journal={Journal of Experimental Psychology: Learning, Memory, and Cognition},
  volume={24},
  number={3},
  pages={732},
  year={1998},
  publisher={American Psychological Association}
}

@article{goldstone2001altering,
  title={Altering object representations through category learning},
  author={Goldstone, Robert L and Lippa, Yvonne and Shiffrin, Richard M},
  journal={Cognition},
  volume={78},
  number={1},
  pages={27--43},
  year={2001},
  publisher={Elsevier}
}

@article{pothos2014fickle,
  title={The fickle nature of similarity change as a result of categorization},
  author={Pothos, Emmanuel M and Reppa, Irene},
  journal={Quarterly Journal of Experimental Psychology},
  volume={67},
  number={12},
  pages={2425--2438},
  year={2014},
  publisher={SAGE Publications Sage UK: London, England}
}

@article{flannagan1986distributional,
  title={Distributional expectations and the induction of category structure.},
  author={Flannagan, Michael J and Fried, Lisbeth S and Holyoak, Keith J},
  journal={Journal of Experimental Psychology: Learning, Memory, and Cognition},
  volume={12},
  number={2},
  pages={241},
  year={1986},
  publisher={American Psychological Association}
}

@article{kruschke2008models,
  title={Models of categorization},
  author={Kruschke, John K},
  journal={The Cambridge handbook of computational psychology},
  pages={267--301},
  year={2008},
  publisher={Citeseer}
}

@book{murphy2004big,
  title={The big book of concepts},
  author={Murphy, Gregory},
  year={2004},
  publisher={MIT press}
}

@book{levine1975cognitive,
  title={A cognitive theory of learning: Research on hypothesis testing.},
  author={Levine, Marvin},
  year={1975},
  publisher={Lawrence Erlbaum}
}

@article{nosofsky1994rule,
  title={Rule-plus-exception model of classification learning.},
  author={Nosofsky, Robert M and Palmeri, Thomas J and McKinley, Stephen C},
  journal={Psychological review},
  volume={101},
  number={1},
  pages={53},
  year={1994},
  publisher={American Psychological Association}
}

@article{minda2001prototypes,
  title={Prototypes in category learning: the effects of category size, category structure, and stimulus complexity.},
  author={Minda, John Paul and Smith, J David},
  journal={Journal of Experimental Psychology: Learning, Memory, and Cognition},
  volume={27},
  number={3},
  pages={775},
  year={2001},
  publisher={American Psychological Association}
}

@article{nosofsky1986attention,
  title={Attention, similarity, and the identification--categorization relationship.},
  author={Nosofsky, Robert M},
  journal={Journal of experimental psychology: General},
  volume={115},
  number={1},
  pages={39},
  year={1986},
  publisher={American Psychological Association}
}

@article{ashby1995categorization,
  title={Categorization as probability density estimation},
  author={Ashby, F Gregory and Alfonso-Reese, Leola A},
  journal={Journal of mathematical psychology},
  volume={39},
  number={2},
  pages={216--233},
  year={1995},
  publisher={Elsevier}
}

@article{griffiths2008categorization,
  title={Categorization as nonparametric Bayesian density estimation},
  author={Griffiths, Thomas L and Sanborn, Adam N and Canini, Kevin R and Navarro, Daniel J},
  journal={The probabilistic mind: Prospects for Bayesian cognitive science},
  pages={303--328},
  year={2008},
  publisher={Oxford University Press, Oxford, UK}
}

@article{rosseel2002mixture,
  title={Mixture models of categorization},
  author={Rosseel, Yves},
  journal={Journal of Mathematical Psychology},
  volume={46},
  number={2},
  pages={178--210},
  year={2002},
  publisher={Elsevier}
}

@inproceedings{vanpaemel2005varying,
  title={A varying abstraction model for categorization},
  author={Vanpaemel, Wolf and Storms, Gert and Ons, Bart},
  booktitle={Proceedings of the Annual Conference of the Cognitive Science Society},
  volume={27},
  pages={2277--2282},
  year={2005},
  organization={Lawrence Erlbaum Associates; Mahwah, NJ}
}

@book{neal2012bayesian,
  title={Bayesian learning for neural networks},
  author={Neal, Radford M},
  volume={118},
  year={2012},
  publisher={Springer Science \& Business Media}
}

@article{anderson1991adaptive,
  title={The adaptive nature of human categorization.},
  author={Anderson, John R},
  journal={Psychological review},
  volume={98},
  number={3},
  pages={409},
  year={1991},
  publisher={American Psychological Association}
}

@article{sanborn2006more,
  title={A more rational model of categorization},
  author={Sanborn, A and Griffiths, T and Navarro, D},
  year={2006},
  publisher={LAWRENCEE}
}

@article{wattenmaker1986linear,
  title={Linear separability and concept learning: Context, relational properties, and concept naturalness},
  author={Wattenmaker, William D and Dewey, Gerald I and Murphy, Timothy D and Medin, Douglas L},
  journal={Cognitive Psychology},
  volume={18},
  number={2},
  pages={158--194},
  year={1986},
  publisher={Elsevier}
}

@article{medin1981linear,
  title={Linear separability in classification learning.},
  author={Medin, Douglas L and Schwanenflugel, Paula J},
  journal={Journal of Experimental Psychology: Human Learning and Memory},
  volume={7},
  number={5},
  pages={355},
  year={1981},
  publisher={American Psychological Association}
}

@article{heit1994models,
  title={Models of the effects of prior knowledge on category learning.},
  author={Heit, Evan},
  journal={Journal of Experimental Psychology: Learning, Memory, and Cognition},
  volume={20},
  number={6},
  pages={1264},
  year={1994},
  publisher={American Psychological Association}
}

@inproceedings{heit1995belief,
  title={Belief revision in models of category learning},
  author={Heit, Evan},
  booktitle={Proceedings of the Seventeenth Annual Conference of the Cognitive Science Society},
  pages={176--181},
  year={1995},
  organization={Erlbaum Amsterdam}
}

@article{rosch1975family,
  title={Family resemblances: Studies in the internal structure of categories},
  author={Rosch, Eleanor and Mervis, Carolyn B},
  journal={Cognitive psychology},
  volume={7},
  number={4},
  pages={573--605},
  year={1975},
  publisher={Elsevier}
}

@article{yamauchi1998category,
  title={Category learning by inference and classification},
  author={Yamauchi, Takashi and Markman, Arthur B},
  journal={Journal of Memory and language},
  volume={39},
  number={1},
  pages={124--148},
  year={1998},
  publisher={Elsevier}
}

@incollection{surber1987formal,
  title={Formal representation of qualitative and quantitative reversible operations},
  author={Surber, Colleen F},
  booktitle={Formal methods in developmental psychology},
  pages={115--154},
  year={1987},
  publisher={Springer}
}

@article{ell2020learning,
  title={Learning and generalization of within-category representations in a rule-based category structure},
  author={Ell, Shawn W and Smith, David B and Deng, Rose and H{\'e}lie, S{\'e}bastien},
  journal={Attention, Perception, \& Psychophysics},
  pages={1--15},
  year={2020},
  publisher={Springer}
}

@article{dudycha1966characteristics,
  title={Characteristics of the human inference process in complex choice behavior situations},
  author={Dudycha, Linda Weathers and Naylor, James C},
  journal={Organizational behavior and human performance},
  volume={1},
  number={1},
  pages={110--128},
  year={1966},
  publisher={Elsevier}
}

@article{busemeyer1993cue,
  title={Cue competition effects: Empirical tests of adaptive network learning models},
  author={Busemeyer, Jerome R and Myung, In Jae and McDaniel, Mark A},
  journal={Psychological Science},
  volume={4},
  number={3},
  pages={190--195},
  year={1993},
  publisher={SAGE Publications Sage CA: Los Angeles, CA}
}

@article{kruschke1999model,
  title={A model of probabilistic category learning.},
  author={Kruschke, John K and Johansen, Mark K},
  journal={Journal of Experimental Psychology: Learning, Memory, and Cognition},
  volume={25},
  number={5},
  pages={1083},
  year={1999},
  publisher={American Psychological Association}
}

@incollection{harnad1987psychophysical,
  title={Psychophysical and cognitive aspects of categorical perception: A critical overview},
  author={Harnad, Stevan},
  booktitle={Categorical perception: The groundwork of cognition},
  pages={1--52},
  year={1987},
  publisher={Cambridge University Press}
}

@article{liberman1957discrimination,
  title={The discrimination of speech sounds within and across phoneme boundaries.},
  author={Liberman, Alvin M and Harris, Katherine Safford and Hoffman, Howard S and Griffith, Belver C},
  journal={Journal of experimental psychology},
  volume={54},
  number={5},
  pages={358},
  year={1957},
  publisher={American Psychological Association}
}

@article{pape2015complexity,
  title={Complexity measures and concept learning},
  author={Pape, Andreas D and Kurtz, Kenneth J and Sayama, Hiroki},
  journal={Journal of Mathematical Psychology},
  volume={64},
  pages={66--75},
  year={2015},
  publisher={Elsevier}
}

@article{feldman2000minimization,
  title={Minimization of Boolean complexity in human concept learning},
  author={Feldman, Jacob},
  journal={Nature},
  volume={407},
  number={6804},
  pages={630--633},
  year={2000},
  publisher={Nature Publishing Group}
}

@article{schulz2017compositional,
  title={Compositional inductive biases in function learning},
  author={Schulz, Eric and Tenenbaum, Joshua B and Duvenaud, David and Speekenbrink, Maarten and Gershman, Samuel J},
  journal={Cognitive psychology},
  volume={99},
  pages={44--79},
  year={2017},
  publisher={Elsevier}
}

@article{kwantes2006people,
  title={Why people underestimate y when extrapolating in linear functions.},
  author={Kwantes, Peter J and Neal, Andrew},
  journal={Journal of Experimental Psychology: Learning, Memory, and Cognition},
  volume={32},
  number={5},
  pages={1019},
  year={2006},
  publisher={American Psychological Association}
}

@article{lake2017building,
  title={Building machines that learn and think like people},
  author={Lake, Brenden M and Ullman, Tomer D and Tenenbaum, Joshua B and Gershman, Samuel J},
  journal={Behavioral and brain sciences},
  volume={40},
  year={2017},
  publisher={Cambridge University Press}
}

@article{rumelhart1986general,
  title={A general framework for parallel distributed processing},
  author={Rumelhart, David E and Hinton, Geoffrey E and McClelland, James L and others},
  journal={Parallel distributed processing: Explorations in the microstructure of cognition},
  volume={1},
  number={45-76},
  pages={26},
  year={1986},
  publisher={Cambridge, MA: MIT Press}
}

@inproceedings{tomlinson2006learning,
  title={Learning abstract relations through analogy to concrete exemplars},
  author={Tomlinson, Marc and Love, Bradley C},
  booktitle={Proceedings of the 28th annual conference of the Cognitive Science Society},
  pages={2269--2274},
  year={2006},
  organization={Lawrence Erlbaum Associates Mahwah, NJ}
}

@book{rogers2004semantic,
  title={Semantic cognition: A parallel distributed processing approach},
  author={Rogers, Timothy T and McClelland, James L},
  year={2004},
  publisher={MIT press}
}

@article{johansen2002there,
  title={Are there representational shifts during category learning?},
  author={Johansen, Mark K and Palmeri, Thomas J},
  journal={Cognitive psychology},
  volume={45},
  number={4},
  pages={482--553},
  year={2002},
  publisher={Elsevier}
}

@article{shepard1987toward,
  title={Toward a universal law of generalization for psychological science},
  author={Shepard, Roger N},
  journal={Science},
  volume={237},
  number={4820},
  pages={1317--1323},
  year={1987},
  publisher={American Association for the Advancement of Science}
}

@article{csaji2001approximation,
  title={Approximation with artificial neural networks},
  author={Cs{\'a}ji, Bal{\'a}zs Csan{\'a}d and others},
  journal={Faculty of Sciences, Etvs Lornd University, Hungary},
  volume={24},
  number={48},
  pages={7},
  year={2001},
  publisher={Citeseer}
}

@article{ashby1998neuropsychological,
  title={A neuropsychological theory of multiple systems in category learning.},
  author={Ashby, F Gregory and Alfonso-Reese, Leola A and Waldron, Elliott M and others},
  journal={Psychological review},
  volume={105},
  number={3},
  pages={442},
  year={1998},
  publisher={American Psychological Association}
}

@article{graves2014neural,
  title={Neural turing machines},
  author={Graves, Alex and Wayne, Greg and Danihelka, Ivo},
  journal={arXiv preprint arXiv:1410.5401},
  year={2014}
}

@article{gers2001lstm,
  title={LSTM recurrent networks learn simple context-free and context-sensitive languages},
  author={Gers, Felix A and Schmidhuber, E},
  journal={IEEE Transactions on Neural Networks},
  volume={12},
  number={6},
  pages={1333--1340},
  year={2001},
  publisher={IEEE}
}

@article{lillicrap2020backpropagation,
  title={Backpropagation and the brain},
  author={Lillicrap, Timothy P and Santoro, Adam and Marris, Luke and Akerman, Colin J and Hinton, Geoffrey},
  journal={Nature Reviews Neuroscience},
  pages={1--12},
  year={2020},
  publisher={Nature Publishing Group}
}

@inproceedings{li2018visualizing,
  title={Visualizing the loss landscape of neural nets},
  author={Li, Hao and Xu, Zheng and Taylor, Gavin and Studer, Christoph and Goldstein, Tom},
  booktitle={Advances in Neural Information Processing Systems},
  pages={6389--6399},
  year={2018}
}

@article{parascandolo2016taming,
  title={Taming the waves: sine as activation function in deep neural networks},
  author={Parascandolo, Giambattista and Huttunen, Heikki and Virtanen, Tuomas},
  year={2016}
}

@article{newman2003structure,
  title={The structure and function of complex networks},
  author={Newman, Mark EJ},
  journal={SIAM review},
  volume={45},
  number={2},
  pages={167--256},
  year={2003},
  publisher={SIAM}
}

@article{wu2020comprehensive,
  title={A comprehensive survey on graph neural networks},
  author={Wu, Zonghan and Pan, Shirui and Chen, Fengwen and Long, Guodong and Zhang, Chengqi and Philip, S Yu},
  journal={IEEE Transactions on Neural Networks and Learning Systems},
  year={2020},
  publisher={IEEE}
}

@article{bronstein2017geometric,
  title={Geometric deep learning: going beyond euclidean data},
  author={Bronstein, Michael M and Bruna, Joan and LeCun, Yann and Szlam, Arthur and Vandergheynst, Pierre},
  journal={IEEE Signal Processing Magazine},
  volume={34},
  number={4},
  pages={18--42},
  year={2017},
  publisher={IEEE}
}

@inproceedings{schlichtkrull2018modeling,
  title={Modeling relational data with graph convolutional networks},
  author={Schlichtkrull, Michael and Kipf, Thomas N and Bloem, Peter and Van Den Berg, Rianne and Titov, Ivan and Welling, Max},
  booktitle={European Semantic Web Conference},
  pages={593--607},
  year={2018},
  organization={Springer}
}

@article{quillian1967word,
  title={Word concepts: A theory and simulation of some basic semantic capabilities},
  author={Quillian, M Ross},
  journal={Behavioral science},
  volume={12},
  number={5},
  pages={410--430},
  year={1967},
  publisher={Wiley Online Library}
}


@article{collins1975spreading,
  title={A spreading-activation theory of semantic processing.},
  author={Collins, Allan M and Loftus, Elizabeth F},
  journal={Psychological review},
  volume={82},
  number={6},
  pages={407},
  year={1975},
  publisher={American Psychological Association}
}

@article{collins1969retrieval,
  title={Retrieval time from semantic memory},
  author={Collins, Allan M and Quillian, M Ross and others},
  year={1969}
}

@article{vitevitch2008can,
  title={What can graph theory tell us about word learning and lexical retrieval?},
  author={Vitevitch, Michael S},
  journal={Journal of Speech, Language, and Hearing Research},
  year={2008},
  publisher={ASHA}
}

@article{lynn2019graph,
  title={Graph learning: How humans infer and represent networks},
  author={Lynn, Christopher W and Bassett, Danielle S},
  journal={arXiv preprint arXiv:1909.07186},
  year={2019}
}

@article{saffran1996word,
  title={Word segmentation: The role of distributional cues},
  author={Saffran, Jenny R and Newport, Elissa L and Aslin, Richard N and others},
  journal={Journal of memory and language},
  volume={35},
  number={4},
  pages={606--621},
  year={1996},
  publisher={Elsevier Science}
}

@article{kahn2018network,
  title={Network constraints on learnability of probabilistic motor sequences},
  author={Kahn, Ari E and Karuza, Elisabeth A and Vettel, Jean M and Bassett, Danielle S},
  journal={Nature human behaviour},
  volume={2},
  number={12},
  pages={936--947},
  year={2018},
  publisher={Nature Publishing Group}
}

@inproceedings{abbott2012human,
  title={Human memory search as a random walk in a semantic network.},
  author={Abbott, Joshua T and Austerweil, Joseph L and Griffiths, Thomas L},
  booktitle={NIPS},
  pages={3050--3058},
  year={2012}
}

@book{danks2014unifying,
  title={Unifying the mind: Cognitive representations as graphical models},
  author={Danks, David},
  year={2014},
  publisher={Mit Press}
}

@article{gentner1983structure,
  title={Structure-mapping: A theoretical framework for analogy},
  author={Gentner, Dedre},
  journal={Cognitive science},
  volume={7},
  number={2},
  pages={155--170},
  year={1983},
  publisher={Elsevier}
}

@article{danks2007theory,
  title={Theory unification and graphical models in human categorization},
  author={Danks, David},
  journal={Causal learning: Psychology, philosophy, and computation},
  pages={173--189},
  year={2007},
  publisher={Oxford University Press}
}

@article{pothos2011measuring,
  title={Measuring category intuitiveness in unconstrained categorization tasks},
  author={Pothos, Emmanuel M and Perlman, Amotz and Bailey, Todd M and Kurtz, Kenneth J and Edwards, Darren J and Hines, Peter and McDonnell, John V},
  journal={Cognition},
  volume={121},
  number={1},
  pages={83--100},
  year={2011},
  publisher={Elsevier}
}

@article{steyvers2005large,
  title={The large-scale structure of semantic networks: Statistical analyses and a model of semantic growth},
  author={Steyvers, Mark and Tenenbaum, Joshua B},
  journal={Cognitive science},
  volume={29},
  number={1},
  pages={41--78},
  year={2005},
  publisher={Wiley Online Library}
}

@inproceedings{hummel1996lisa,
  title={LISA: A computational model of analogical inference and schema induction},
  author={Hummel, John E and Holyoak, Keith J},
  booktitle={Proceedings of the eighteenth annual conference of the cognitive science society},
  pages={352--357},
  year={1996}
}

@article{kemp2010probabilistic,
  title={A probabilistic model of theory formation},
  author={Kemp, Charles and Tenenbaum, Joshua B and Niyogi, Sourabh and Griffiths, Thomas L},
  journal={Cognition},
  volume={114},
  number={2},
  pages={165--196},
  year={2010},
  publisher={Elsevier}
}

@article{kruschke2001toward,
  title={Toward a unified model of attention in associative learning},
  author={Kruschke, John K},
  journal={Journal of mathematical psychology},
  volume={45},
  number={6},
  pages={812--863},
  year={2001},
  publisher={Elsevier}
}

@article{rescorla1972theory,
  title={A theory of Pavlovian conditioning: Variations in the effectiveness of reinforcement and nonreinforcement},
  author={Rescorla, Robert A},
  journal={Current research and theory},
  pages={64--99},
  year={1972},
  publisher={Appleton-Century-Crofts}
}

# shj types figure
@article{morgan2020comparing,
  title={Comparing methods of category learning: Classification versus feature inference},
  author={Morgan, Emma L and Johansen, Mark K},
  journal={Memory \& Cognition},
  pages={1--21},
  year={2020},
  publisher={Springer}
}

@inproceedings{singh2020end,
  title={End-to-end Deep Prototype and Exemplar Models for Predicting Human Behavior},
  author={Singh, Pulkit and Peterson, Joshua C. and Battleday, Ruairidh M. and Griffiths, Thomas L.},
  booktitle={Proceedings of the Annual Conference of the Cognitive Science Society},
  year={2020},
}

@inproceedings{he2015delving,
  title={Delving deep into rectifiers: Surpassing human-level performance on imagenet classification},
  author={He, Kaiming and Zhang, Xiangyu and Ren, Shaoqing and Sun, Jian},
  booktitle={Proceedings of the IEEE international conference on computer vision},
  pages={1026--1034},
  year={2015}
}

@inproceedings{bazzani2016self,
  title={Self-taught object localization with deep networks},
  author={Bazzani, Loris and Bergamo, Alessandra and Anguelov, Dragomir and Torresani, Lorenzo},
  booktitle={2016 IEEE winter conference on applications of computer vision (WACV)},
  pages={1--9},
  year={2016},
  organization={IEEE}
}

@inproceedings{jawahar2019does,
  title={What does BERT learn about the structure of language?},
  author={Jawahar, Ganesh and Sagot, Beno{\^\i}t and Seddah, Djam{\'e}},
  year={2019}
}

@article{wang2018topicgan,
  title={TopicGAN: Unsupervised Text Generation from Explainable Latent Topics},
  author={Wang, Yau-Shian and Chen, Yun-Nung and Lee, Hung-Yi},
  year={2018}
}

@article{mnih2013playing,
  title={Playing atari with deep reinforcement learning},
  author={Mnih, Volodymyr and Kavukcuoglu, Koray and Silver, David and Graves, Alex and Antonoglou, Ioannis and Wierstra, Daan and Riedmiller, Martin},
  journal={arXiv preprint arXiv:1312.5602},
  year={2013}
}

@article{tsukimoto2000extracting,
  title={Extracting rules from trained neural networks},
  author={Tsukimoto, Hiroshi},
  journal={IEEE Transactions on Neural networks},
  volume={11},
  number={2},
  pages={377--389},
  year={2000},
  publisher={IEEE}
}




